@collection{hsu2015pathogen,
  title={Pathogen-Host Interactions: Antigenic Variation V. Somatic Adaptations},
  editor={Hsu, Ellen and Du Pasquier, Louis},
  series = {Results and Problems in Cell Differentiation},
  volume={57},
  year={2015},
  publisher={Springer}
}

@incollection{jack2015evolution,
	title = {Evolution of {Immunity} and {Pathogens}},
	author = {Jack, Robert S.},
	doi = {10.1007/978-3-319-20819-0_1},
	pages = {1--20},
	crossref = {hsu2015pathogen},
}

@article{kurosaki2015memory,
	title = {Memory {B} cells},
	volume = {15},
	url = {https://www.nature.com/articles/nri3802},
	doi = {10.1038/nri3802},
	number = {3},
	urldate = {2019-03-05},
	journal = {Nature Reviews Immunology},
	author = {Kurosaki, Tomohiro and Kometani, Kohei and Ise, Wataru},
	month = mar,
	year = {2015},
	pages = {149--159},
}

@article{mayer2018memory,
	title = {How a well-adapting immune system remembers},
	url = {http://arxiv.org/abs/1806.05753},
	urldate = {2019-03-05},
	journal = {arXiv},
	author = {Mayer, Andreas and Balasubramanian, Vijay and Walczak, Aleksandra M. and Mora, Thierry},
	month = jun,
	year = {2018},
	pages = {1806.05753},
}

@book{sompayrac2019immune,
  title={How the Immune System Works},
  author={Sompayrac, Lauren},
  edition={4},
  year={2012},
  publisher={Wiley-Blackwell}
}

@article{schroeder2010immunoglobulins,
	title = {Structure and function of immunoglobulins},
	volume = {125},
	url = {http://www.sciencedirect.com/science/article/pii/S0091674909014651},
	doi = {10.1016/j.jaci.2009.09.046},
	number = {2, Supplement 2},
	urldate = {2018-12-27},
	journal = {Journal of Allergy and Clinical Immunology},
	author = {Schroeder, Harry W. and Cavacini, Lisa},
	month = feb,
	year = {2010},
	pages = {S41--S52},
}

@incollection{bengten2015fishantibodies,
	title = {Antibody {Repertoires} in {Fish}},
	author = {Bengtén, Eva and Wilson, Melanie},
	doi = {10.1007/978-3-319-20819-0_9},
	pages = {193--234},
	crossref = {hsu2015pathogen},
}

@article{vanzelm2006cd19,
	title = {An {Antibody}-{Deficiency} {Syndrome} {Due} to {Mutations} in the {CD}19 {Gene}},
	volume = {354},
	issn = {0028-4793},
	url = {https://doi.org/10.1056/NEJMoa051568},
	doi = {10.1056/NEJMoa051568},
	number = {18},
	urldate = {2019-03-05},
	journal = {New England Journal of Medicine},
	author = {van Zelm, Menno C. and Reisli, Ismail and van der Burg, Mirjam and Castaño, Diana and van Noesel, Carel J.M. and van Tol, Maarten J.D. and Woellner, Cristina and Grimbacher, Bodo and Patiño, Pablo J. and van Dongen, Jacques J.M. and Franco, José L.},
	month = may,
	year = {2006},
	pmid = {16672701},
	pages = {1901--1912},
}

@collection{compans2009vaccines,
	series = {Current {Topics} in {Microbiology} and {Immunology}},
	title = {Vaccines for {Pandemic} {Influenza}},
	publisher = {Springer},
	editor = {Compans, Richard W. and Orenstein, Walter A.},
	year = {2009},
}

@incollection{sambhara2009vaccination,
	title = {Immunosenescence and {Influenza} {Vaccine} {Efficacy}},
	author = {Sambhara, Suryaprakash and McElhaney, Janet E.},
	editor = {Compans, Richard W. and Orenstein, Walter A.},
	doi = {10.1007/978-3-540-92165-3_20},
	pages = {413--429},
	crossref = {compans2009vaccines},
}

@article{georgiou2014promise,
	title = {The promise and challenge of high-throughput sequencing of the antibody repertoire},
	volume = {32},
	url = {http://www.nature.com/nbt/journal/v32/n2/full/nbt.2782.html},
	doi = {10.1038/nbt.2782},
	number = {2},
	urldate = {2015-01-21},
	journal = {Nature Biotechnology},
	author = {Georgiou, George and Ippolito, Gregory C. and Beausang, John and Busse, Christian E. and Wardemann, Hedda and Quake, Stephen R.},
	month = feb,
	year = {2014},
	pages = {158--168},
}

@article{gerhard2002zebrafish,
	title = {Life spans and senescent phenotypes in two strains of {Zebrafish} (\textit{Danio rerio})},
	volume = {37},
	url = {http://www.sciencedirect.com/science/article/pii/S0531556502000888},
	doi = {10.1016/S0531-5565(02)00088-8},
	number = {8},
	urldate = {2019-03-04},
	journal = {Experimental Gerontology},
	author = {Gerhard, Glenn S and Kauffman, Elizabeth J and Wang, Xujun and Stewart, Richard and Moore, Jessica L and Kasales, Claudia J and Demidenko, Eugene and Cheng, Keith C},
	month = aug,
	year = {2002},
	pages = {1055--1068},
}

@book{bowler1977longevity,
  title={Longevity of reptiles and amphibians in North American collections as of 1 November, 1975},
  author={Bowler, J Kevin},
  year={1977},
  publisher={Society for the Study of Amphibians and Reptiles}
}

@article{yuan2009aging,
	title = {Aging in inbred strains of mice: study design and interim report on median lifespans and circulating {IGF}1 levels},
	volume = {8},
	shorttitle = {Aging in inbred strains of mice},
	url = {https://www.ncbi.nlm.nih.gov/pmc/articles/PMC2768517/},
	doi = {10.1111/j.1474-9726.2009.00478.x},
	number = {3},
	urldate = {2019-03-04},
	journal = {Aging Cell},
	author = {Yuan, Rong and Tsaih, Shirng-Wern and Petkova, Stefka B. and de Evsikova, Caralina Marin and Xing, Shuqin and Marion, Michael A. and Bogue, Molly A. and Mills, Kevin D. and Peters, Luanne L. and Bult, Carol J. and Rosen, Clifford J. and Sundberg, John P. and Harrison, David E. and Churchill, Gary A. and Paigen, Beverly},
	month = jun,
	year = {2009},
	pmid = {19627267},
	pmcid = {PMC2768517},
	pages = {277--287},
}


@article{boehm2011design,
	title = {Design principles of adaptive immune systems},
	volume = {11},
	url = {http://www.nature.com/nri/journal/v11/n5/full/nri2944.html},
	doi = {10.1038/nri2944},
	number = {5},
	urldate = {2015-09-22},
	journal = {Nature Reviews Immunology},
	author = {Boehm, Thomas},
	month = may,
	year = {2011},
	pages = {307--317},
}

@incollection{kasahara2015vlr,
	title = {Variable {Lymphocyte} {Receptors}: {A} {Current} {Overview}},
	author = {Kasahara, Masanori},
	doi = {10.1007/978-3-319-20819-0_8},
	pages = {175--192},
	crossref = {hsu2015pathogen},
}

@article{mix2006immunoglobulins,
	title = {Immunoglobulins—{Basic} considerations},
	volume = {253},
	url = {https://link.springer.com/article/10.1007/s00415-006-5002-2},
	doi = {10.1007/s00415-006-5002-2},
	number = {5},
	urldate = {2018-03-06},
	journal = {Journal of Neurology},
	author = {Mix, Eilhard and Goertsches, Robert and Zett, Uwe K.},
	month = sep,
	year = {2006},
	pages = {v9--v17},
}

@article{sunyer2013fishing,
	title = {Fishing for mammalian paradigms in the teleost immune system},
	volume = {14},
	url = {http://www.nature.com/ni/journal/v14/n4/abs/ni.2549.html},
	doi = {10.1038/ni.2549},
	number = {4},
	urldate = {2017-06-15},
	journal = {Nature Immunology},
	author = {Sunyer, J. Oriol},
	month = apr,
	year = {2013},
	pages = {320--326},
}

@article{shirai1999h3,
	title = {H3-rules: identification of {CDR}-{H}3 structures in antibodies},
	volume = {455},
	shorttitle = {H3-rules},
	url = {https://febs.onlinelibrary.wiley.com/doi/abs/10.1016/S0014-5793%2899%2900821-2},
	doi = {10.1016/S0014-5793(99)00821-2},
	number = {1-2},
	urldate = {2019-02-28},
	journal = {FEBS Letters},
	author = {Shirai, Hiroki and Kidera, Akinori and Nakamura, Haruki},
	year = {1999},
	pages = {188--197},
}

@article{mashoof2016immunoglobulins,
	title = {Fish {Immunoglobulins}},
	volume = {5},
	url = {http://www.mdpi.com/2079-7737/5/4/45},
	doi = {10.3390/biology5040045},
	number = {4},
	urldate = {2017-06-15},
	journal = {Biology},
	author = {Mashoof, Sara and Criscitiello, Michael F.},
	month = nov,
	year = {2016},
	pages = {45},
}

@article{zhang2010igtgut,
	title = {{IgT}, a primitive immunoglobulin class specialized in mucosal immunity},
	volume = {11},
	url = {http://www.nature.com/ni/journal/v11/n9/abs/ni.1913.html},
	doi = {10.1038/ni.1913},
	number = {9},
	urldate = {2015-01-19},
	journal = {Nature Immunology},
	author = {Zhang, Yong-An and Salinas, Irene and Li, Jun and Parra, David and Bjork, Sarah and Xu, Zhen and LaPatra, Scott E. and Bartholomew, Jerri and Sunyer, J. Oriol},
	month = sep,
	year = {2010},
	pages = {827--835},
}

@incollection{senger2015switching,
	title = {Antibody {Isotype} {Switching} in {Vertebrates}},
	author = {Senger, Kate and Hackney, Jason and Payandeh, Jian and Zarrin, Ali A.},
	doi = {10.1007/978-3-319-20819-0_13},
	pages = {295--324},
	crossref = {hsu2015pathogen},
}

@article{fillatreau2013astonishing,
  title={The astonishing diversity of Ig classes and B cell repertoires in teleost fish},
  author={Fillatreau, Simon and Six, Adrien and Magadan, Susanna and Castro, Rosario and Sunyer, J Oriol and Boudinot, Pierre},
  journal={Frontiers in immunology},
  volume={4},
  pages={28},
  year={2013},
  publisher={Frontiers}
}

@article{bengten2006catfish,
	title = {Structure of the catfish {IGH} locus: analysis of the region including the single functional \textit{IGHM} gene},
	volume = {58},
	shorttitle = {Structure of the catfish {IGH} locus},
	url = {https://link.springer.com/article/10.1007/s00251-006-0139-9},
	doi = {10.1007/s00251-006-0139-9},
	number = {10},
	urldate = {2018-07-04},
	journal = {Immunogenetics},
	author = {Bengtén, E. and Quiniou, S. and Hikima, J. and Waldbieser, G. and Warr, G. W. and Miller, N. W. and Wilson, M.},
	month = oct,
	year = {2006},
	pages = {831--844},
}

@article{ramirezgomez2012secretoryigd,
	title = {Discovery and {Characterization} of {Secretory} {IgD} in {Rainbow} {Trout}: {Secretory} {IgD} {Is} {Produced} through a {Novel} {Splicing} {Mechanism}},
	volume = {188},
	shorttitle = {Discovery and {Characterization} of {Secretory} {IgD} in {Rainbow} {Trout}},
	url = {http://www.jimmunol.org/content/188/3/1341},
	doi = {10.4049/jimmunol.1101938},
	number = {3},
	urldate = {2018-06-13},
	journal = {The Journal of Immunology},
	author = {Ramirez-Gomez, Francisco and Greene, Whitney and Rego, Katherine and Hansen, John D. and Costa, Greg and Kataria, Priti and Bromage, Erin S.},
	month = feb,
	year = {2012},
	pmid = {22205025},
	pages = {1341--1349},
}

@article{magadan2011medaka,
	title = {Immunoglobulin heavy chains in medaka (\textit{Oryzias latipes})},
	volume = {11},
	url = {http://www.biomedcentral.com/1471-2148/11/165/abstract},
	doi = {10.1186/1471-2148-11-165},
	number = {1},
	urldate = {2015-01-19},
	journal = {BMC Evolutionary Biology},
	author = {Magadán-Mompó, Susana and Sánchez-Espinel, Christian and Gambón-Deza, Francisco},
	month = jun,
	year = {2011},
	pmid = {21676244},
	pages = {165},
}

@article{xu2013igtskin,
	title = {Teleost skin, an ancient mucosal surface that elicits gut-like immune responses},
	volume = {110},
	url = {https://www.pnas.org/content/110/32/13097},
	doi = {10.1073/pnas.1304319110},
	number = {32},
	urldate = {2018-12-28},
	journal = {PNAS},
	author = {Xu, Zhen and Parra, David and Gómez, Daniela and Salinas, Irene and Zhang, Yong-An and Jørgensen, Louise von Gersdorff and Heinecke, Rasmus Demuth and Buchmann, Kurt and LaPatra, Scott and Sunyer, J. Oriol},
	month = aug,
	year = {2013},
	pmid = {23884653},
	pages = {13097--13102},
}

@article{bao2010stickleback,
	title = {The immunoglobulin gene loci in the teleost \textit{Gasterosteus aculeatus}},
	volume = {28},
	url = {http://www.sciencedirect.com/science/article/pii/S1050464809003039},
	doi = {10.1016/j.fsi.2009.09.014},
	number = {1},
	urldate = {2015-01-19},
	journal = {Fish \& Shellfish Immunology},
	author = {Bao, Yonghua and Wang, Tao and Guo, Yongchen and Zhao, Zhihui and Li, Ning and Zhao, Yaofeng},
	month = jan,
	year = {2010},
	pages = {40--48},
}

@article{gambondeza2011stickleback,
	title = {Presence of an unique {IgT} on the {IGH} locus in three-spined stickleback fish (\textit{Gasterosteus aculeatus}) and the very recent generation of a repertoire of {VH} genes},
	volume = {34},
	url = {http://www.sciencedirect.com/science/article/pii/S0145305X09001888},
	doi = {10.1016/j.dci.2009.08.011},
	number = {2},
	urldate = {2018-06-18},
	journal = {Developmental \& Comparative Immunology},
	author = {Gambón-Deza, Francisco and Sánchez-Espinel, Christian and Magadán-Mompó, Susana},
	month = feb,
	year = {2010},
	pages = {114--122},
}

@article{savan2005fugu,
	title = {Discovery of a new class of immunoglobulin heavy chain from fugu},
	volume = {35},
	url = {https://onlinelibrary.wiley.com/doi/abs/10.1002/eji.200535248},
	doi = {10.1002/eji.200535248},
	number = {11},
	urldate = {2018-07-04},
	journal = {European Journal of Immunology},
	author = {Savan, Ram and Aman, Azumi and Sato, Kenji and Yamaguchi, Ryoji and Sakai, Masahiro},
	year = {2005},
	pages = {3320--3331},
}

@article{mora2016quantifying,
	title = {Quantifying lymphocyte receptor diversity},
	url = {http://arxiv.org/abs/1604.00487},
	journal = {arXiv},
    pages = {1604.00487},
	author = {Mora, Thierry and Walczak, Aleksandra},
	month = apr,
	year = {2016},
}

@article{jung2006vdjr,
	title = {Mechanism and {Control} of {V}(d)j {Recombination} at the {Immunoglobulin} {Heavy} {Chain} {Locus}},
	volume = {24},
	url = {http://dx.doi.org/10.1146/annurev.immunol.23.021704.115830},
	doi = {10.1146/annurev.immunol.23.021704.115830},
	number = {1},
	urldate = {2017-02-02},
	journal = {Annual Review of Immunology},
	author = {{David Jung} and {Cosmas Giallourakis} and {Raul Mostoslavsky} and {Frederick W. Alt}},
	year = {2006},
	pmid = {16551259},
	pages = {541--570},
}

@article{kogut2012bcells,
	title = {B cell maintenance and function in aging},
	volume = {24},
	url = {http://www.sciencedirect.com/science/article/pii/S1044532312000437},
	doi = {10.1016/j.smim.2012.04.004},
	number = {5},
	urldate = {2019-02-26},
	journal = {Seminars in Immunology},
	author = {Kogut, Igor and Scholz, Jean L. and Cancro, Michael P. and Cambier, John C.},
	month = oct,
	year = {2012},
	pages = {342--349},
}

@article{lefranc2003vnumbering,
	title = {{IMGT} unique numbering for immunoglobulin and {T} cell receptor variable domains and {Ig} superfamily {V}-like domains},
	volume = {27},
	url = {http://www.sciencedirect.com/science/article/pii/S0145305X02000393},
	doi = {10.1016/S0145-305X(02)00039-3},
	number = {1},
	urldate = {2018-02-27},
	journal = {Developmental \& Comparative Immunology},
	author = {Lefranc, Marie-Paule and Pommié, Christelle and Ruiz, Manuel and Giudicelli, Véronique and Foulquier, Elodie and Truong, Lisa and Thouvenin-Contet, Valérie and Lefranc, Gérard},
	month = jan,
	year = {2003},
	pages = {55--77},
}

@article{ruiz1999humandj,
    title={The human immunoglobulin heavy diversity (IGHD) and joining (IGHJ) segments},
    author={Ruiz, Manuel and Pallar{\`e}s, Nathalie and Contet, Val{\'e}rie and Barbi{\'e}, Val{\'e}rie and Lefranc, Marie-Paule},
    journal={Experimental and Clinical Immunogenetics},
    volume={16},
    number={3},
    pages={173--184},
    year={1999},
}

@article{schatz2011vdjr,
	title = {V({D}){J} {Recombination}: {Mechanisms} of {Initiation}},
	volume = {45},
	shorttitle = {V({D}){J} {Recombination}},
	url = {https://doi.org/10.1146/annurev-genet-110410-132552},
	doi = {10.1146/annurev-genet-110410-132552},
	number = {1},
	urldate = {2018-03-06},
	journal = {Annual Review of Genetics},
	author = {Schatz, David G. and Swanson, Patrick C.},
	year = {2011},
	pmid = {21854230},
	pages = {167--202},
}

@article{hesse1989rss,
	title = {V({D}){J} recombination: a functional definition of the joining signals.},
	volume = {3},
	shorttitle = {V({D}){J} recombination},
	url = {http://genesdev.cshlp.org/content/3/7/1053},
	doi = {10.1101/gad.3.7.1053},
	number = {7},
	urldate = {2019-02-28},
	journal = {Genes \& Development},
	author = {Hesse, J. E. and Lieber, M. R. and Mizuuchi, K. and Gellert, M.},
	month = jul,
	year = {1989},
	pmid = {2777075},
	pages = {1053--1061},
}

@article{lefranc2001humanheavy,
	title = {Nomenclature of the human immunoglobulin heavy ({IGH}) genes},
	volume = {18},
	doi = {10.1159/000049189},
	number = {2},
	journal = {Experimental and Clinical Immunogenetics},
	author = {Lefranc, M. P.},
	year = {2001},
	pmid = {11340299},
	pages = {100--116},
}

@article{elhanati2015model,
	title = {Inferring processes underlying {B}-cell repertoire diversity},
	volume = {370},
	url = {http://rstb.royalsocietypublishing.org/content/370/1676/20140243},
	doi = {10.1098/rstb.2014.0243},
	number = {1676},
	urldate = {2016-09-09},
	journal = {Phil. Trans. R. Soc. B},
	author = {Elhanati, Yuval and Sethna, Zachary and Marcou, Quentin and Callan, Curtis G. and Mora, Thierry and Walczak, Aleksandra M.},
	month = sep,
	year = {2015},
	pmid = {26194757},
	pages = {20140243},
}

@book{flaherty2012pharmacy,
	booktitle = {Immunology for {Pharmacy}},
	publisher = {Mosby},
	author = {Flaherty, Dennis K.},
	month = jan,
	year = {2012},
}

@inbook{flaherty2012chapter,
	chapter = 10,
	title = {{Antibody} {Diversity}},
	author = {Flaherty, Dennis K.},
	urldate = {2019-02-28},
	doi = {10.1016/B978-0-323-06947-2.10010-0},
	pages = {79--86},
	crossref = {flaherty2012pharmacy}
}


@article{hansen2005trout,
	title = {Discovery of a unique {Ig} heavy-chain isotype ({IgT}) in rainbow trout: {Implications} for a distinctive {B} cell developmental pathway in teleost fish},
	volume = {102},
	shorttitle = {Discovery of a unique {Ig} heavy-chain isotype ({IgT}) in rainbow trout},
	url = {http://www.pnas.org/content/102/19/6919},
	doi = {10.1073/pnas.0500027102},
	number = {19},
	urldate = {2018-07-04},
	journal = {PNAS},
	author = {Hansen, John D. and Landis, Eric D. and Phillips, Ruth B.},
	month = may,
	year = {2005},
	pmid = {15863615},
	pages = {6919--6924},
}

@article{yasuike2010salmon,
	title = {Evolution of duplicated {IgH} loci in {Atlantic} salmon, \textit{Salmo salar}},
	volume = {11},
	url = {https://doi.org/10.1186/1471-2164-11-486},
	doi = {10.1186/1471-2164-11-486},
	urldate = {2018-07-04},
	journal = {BMC Genomics},
	author = {Yasuike, Motoshige and de Boer, Johan and von Schalburg, Kristian R. and Cooper, Glenn A. and McKinnel, Linda and Messmer, Amber and So, Stacy and Davidson, William S. and Koop, Ben F.},
	month = sep,
	year = {2010},
	pages = {486},
	annote = {Pages 486 in PDF},
}

@article{xiao2010grasscarp,
	title = {Ig heavy chain genes and their locus in grass carp \textit{Ctenopharyngodon idella}},
	volume = {29},
	url = {http://www.sciencedirect.com/science/article/pii/S1050464810001762},
	doi = {10.1016/j.fsi.2010.06.004},
	number = {4},
	urldate = {2019-01-07},
	journal = {Fish \& Shellfish Immunology},
	author = {Xiao, F. S. and Wang, Y. P. and Yan, W. and Chang, M. X. and Yao, W. J. and Xu, Q. Q. and Wang, X. X. and Gao, Q. and Nie, P.},
	month = oct,
	year = {2010},
	pages = {594--599},
}

@article{dunnwalters2010bcellageing,
	title = {B cell repertoire and ageing},
	volume = {22},
	url = {http://www.sciencedirect.com/science/article/pii/S0952791510000737},
	doi = {10.1016/j.coi.2010.04.009},
	number = {4},
	urldate = {2019-02-26},
	journal = {Current Opinion in Immunology},
	author = {Dunn-Walters, Deborah K and Ademokun, Alexander A},
	month = aug,
	year = {2010},
	pages = {514--520},
}

@article{noia2007shm,
	title = {Molecular {Mechanisms} of {Antibody} {Somatic} {Hypermutation}},
	volume = {76},
	url = {https://doi.org/10.1146/annurev.biochem.76.061705.090740},
	doi = {10.1146/annurev.biochem.76.061705.090740},
	number = {1},
	urldate = {2018-03-06},
	journal = {Annual Review of Biochemistry},
	author = {Noia, Javier M. Di and Neuberger, Michael S.},
	year = {2007},
	pmid = {17328676},
	pages = {1--22},
}

@article{magor2015affinity,
	title = {Antibody {Affinity} {Maturation} in {Fishes}—{Our} {Current} {Understanding}},
	volume = {4},
	url = {https://www.ncbi.nlm.nih.gov/pmc/articles/PMC4588147/},
	doi = {10.3390/biology4030512},
	number = {3},
	urldate = {2018-12-28},
	journal = {Biology},
	author = {Magor, Brad G.},
	month = jul,
	year = {2015},
	pmid = {26264036},
	pmcid = {PMC4588147},
	pages = {512--524},
}

@article{victora2012gc,
	title = {Germinal {Centers}},
	volume = {30},
	url = {https://www.annualreviews.org/doi/10.1146/annurev-immunol-020711-075032},
	doi = {10.1146/annurev-immunol-020711-075032},
	number = {1},
	urldate = {2019-03-05},
	journal = {Annual Review of Immunology},
	author = {Victora, Gabriel D. and Nussenzweig, Michel C.},
	month = mar,
	year = {2012},
	pages = {429--457},
}

@article{howard2006quality,
	title = {Antibody {Quality} in {Old} {Age}},
	volume = {9},
	url = {http://online.liebertpub.com/doi/abs/10.1089/rej.2006.9.117},
	doi = {10.1089/rej.2006.9.117},
	number = {1},
	urldate = {2017-01-23},
	journal = {Rejuvenation Research},
	author = {Howard, Wendy A. and Gibson, Kate L. and Dunn-Walters, Deborah K.},
	month = mar,
	year = {2006},
	pages = {117--125},
}

@article{segre1977immunosenescence,
	title = {Age-related changes in {B} and {T} lymphocytes and decline of humoral immune responsiveness in aged mice},
	volume = {6},
	url = {http://www.sciencedirect.com/science/article/pii/0047637477900136},
	doi = {10.1016/0047-6374(77)90013-6},
	urldate = {2019-02-26},
	journal = {Mechanisms of Ageing and Development},
	author = {Segre, Diego and Segre, Mariangela},
	month = jan,
	year = {1977},
	pages = {115--129},
}

@article{ademokun2010ageing,
	title = {The ageing {B} cell population: {Composition} and function},
	volume = {11},
	shorttitle = {The ageing {B} cell population},
	url = {https://doi.org/10.1007/s10522-009-9256-9},
	doi = {10.1007/s10522-009-9256-9},
	number = {2},
	urldate = {2019-02-26},
	journal = {Biogerontology},
	author = {Ademokun, Alexander and Wu, Yu-Chang and Dunn-Walters, Deborah},
	month = apr,
	year = {2010},
	pages = {125--137},
}

@article{montecino2013immunosenescence,
	title = {Causes, consequences, and reversal of immune system aging},
	volume = {123},
	url = {http://www.jci.org/articles/view/64096},
	doi = {10.1172/JCI64096},
	number = {3},
	urldate = {2015-01-15},
	journal = {Journal of Clinical Investigation},
	author = {Montecino-Rodriguez, Encarnacion and Berent-Maoz, Beata and Dorshkind, Kenneth},
	month = mar,
	year = {2013},
	pages = {958--965},
}


@article{labrie2004bone,
	title = {Bone {Marrow} {Microenvironmental} {Changes} {Underlie} {Reduced} {RAG}-mediated {Recombination} and {B} {Cell} {Generation} in {Aged} {Mice}},
	volume = {200},
	url = {http://jem.rupress.org/content/200/4/411},
	doi = {10.1084/jem.20040845},
	number = {4},
	urldate = {2019-03-03},
	journal = {Journal of Experimental Medicine},
	author = {Labrie, Joseph E. and Sah, Alex P. and Allman, David M. and Cancro, Michael P. and Gerstein, Rachel M.},
	month = aug,
	year = {2004},
	pmid = {15314072},
	pages = {411--423},
}

@article{mehr2011reversing,
	title = {Reversing {B} cell aging},
	volume = {3},
	url = {https://www.ncbi.nlm.nih.gov/pmc/articles/PMC3117459/},
	number = {4},
	urldate = {2019-02-26},
	journal = {Aging},
	author = {Mehr, Ramit and Melamed, Doron},
	month = mar,
	year = {2011},
	pmid = {21483035},
	pmcid = {PMC3117459},
	pages = {438--443},
}

@article{aberle2013mechanistic,
	title = {Mechanistic insights into the impairment of memory {B} cells and antibody production in the elderly},
	volume = {35},
	url = {https://doi.org/10.1007/s11357-011-9371-9},
	doi = {10.1007/s11357-011-9371-9},
	number = {2},
	urldate = {2019-02-26},
	journal = {AGE},
	author = {Aberle, Judith H. and Stiasny, Karin and Kundi, Michael and Heinz, Franz X.},
	month = apr,
	year = {2013},
	pages = {371--381},
}

@article{frasca2011age,
	title = {Age effects on {B} cells and humoral immunity in humans},
	volume = {10},
	url = {https://www.ncbi.nlm.nih.gov/pmc/articles/PMC3040253/},
	doi = {10.1016/j.arr.2010.08.004},
	number = {3},
	urldate = {2019-02-26},
	journal = {Ageing Research Reviews},
	author = {Frasca, Daniela and Diaz, Alain and Romero, Maria and Landin, Ana Marie and Blomberg, Bonnie B},
	month = jul,
	year = {2011},
	pmid = {20728581},
	pmcid = {PMC3040253},
	pages = {330--335},
}

@article{blomberg2013age,
	title = {Age effects on mouse and human {B} cells},
	volume = {57},
	url = {https://www.ncbi.nlm.nih.gov/pmc/articles/PMC5673119/},
	doi = {10.1007/s12026-013-8440-9},
	number = {1-3},
	urldate = {2019-02-26},
	journal = {Immunologic Research},
	author = {Blomberg, Bonnie B. and Frasca, Daniela},
	month = dec,
	year = {2013},
	pmid = {24203437},
	pmcid = {PMC5673119},
	pages = {354--360},
}

@article{siegrist2009extremes,
	title = {B-cell responses to vaccination at the extremes of age},
	volume = {9},
	url = {http://www.nature.com/nri/journal/v9/n3/full/nri2508.html},
	doi = {10.1038/nri2508},
	number = {3},
	urldate = {2017-01-23},
	journal = {Nature Reviews Immunology},
	author = {Siegrist, Claire-Anne and Aspinall, Richard},
	month = mar,
	year = {2009},
	pages = {185--194},
}

@article{sasaki2011limited,
	title = {Limited efficacy of inactivated influenza vaccine in elderly individuals is associated with decreased production of vaccine-specific antibodies},
	volume = {121},
	url = {https://www.jci.org/articles/view/57834},
	doi = {10.1172/JCI57834},
	number = {8},
	urldate = {2019-02-26},
	journal = {The Journal of Clinical Investigation},
	author = {Sasaki, Sanae and Sullivan, Meghan and Narvaez, Carlos F. and Holmes, Tyson H. and Furman, David and Zheng, Nai-Ying and Nishtala, Madhuri and Wrammert, Jens and Smith, Kenneth and James, Judith A. and Dekker, Cornelia L. and Davis, Mark M. and Wilson, Patrick C. and Greenberg, Harry B. and He, Xiao-Song},
	month = aug,
	year = {2011},
	pmid = {21785218},
	pages = {3109--3119},
}

@article{frasca2009ageing,
	title = {Effects of aging on {B} cell function},
	volume = {21},
	url = {https://www.ncbi.nlm.nih.gov/pmc/articles/PMC2853364/},
	doi = {10.1016/j.coi.2009.06.001},
	number = {4},
	urldate = {2019-02-26},
	journal = {Current Opinion in Immunology},
	author = {Frasca, Daniela and Blomberg, Bonnie B.},
	month = aug,
	year = {2009},
	pmid = {19608393},
	pmcid = {PMC2853364},
	pages = {425--430},
}

@article{henry2019influenza,
	title = {Influenza {Virus} {Vaccination} {Elicits} {Poorly} {Adapted} {B} {Cell} {Responses} in {Elderly} {Individuals}},
	url = {http://www.sciencedirect.com/science/article/pii/S1931312819300393},
	doi = {10.1016/j.chom.2019.01.002},
	urldate = {2019-02-26},
	journal = {Cell Host \& Microbe},
	author = {Henry, Carole and Zheng, Nai-Ying and Huang, Min and Cabanov, Alexandra and Rojas, Karla Thatcher and Kaur, Kaval and Andrews, Sarah F. and Palm, Anna-Karin E. and Chen, Yao-Qing and Li, Yang and Hoskova, Katerina and Utset, Henry A. and Vieira, Marcos C. and Wrammert, Jens and Ahmed, Rafi and Holden-Wiltse, Jeanne and Topham, David J. and Treanor, John J. and Ertl, Hildegund C. and Schmader, Kenneth E. and Cobey, Sarah and Krammer, Florian and Hensley, Scott E. and Greenberg, Harry and He, Xiao-Song and Wilson, Patrick C.},
	month = feb,
	year = {2019},
}

@article{gibson2009spectratyping,
	title = {B-cell diversity decreases in old age and is correlated with poor health status},
	volume = {8},
	url = {http://onlinelibrary.wiley.com/doi/10.1111/j.1474-9726.2008.00443.x/abstract},
	doi = {10.1111/j.1474-9726.2008.00443.x},
	number = {1},
	urldate = {2015-03-26},
	journal = {Aging Cell},
	author = {Gibson, Kate L. and Wu, Yu-Chang and Barnett, Yvonne and Duggan, Orla and Vaughan, Robert and Kondeatis, Elli and Nilsson, Bengt-Olof and Wikby, Anders and Kipling, David and Dunn-Walters, Deborah K.},
	month = feb,
	year = {2009},
	pages = {18--25},
}

@article{weinstein2009igseq,
	title = {High-{Throughput} {Sequencing} of the {Zebrafish} {Antibody} {Repertoire}},
	volume = {324},
	url = {http://www.sciencemag.org/content/324/5928/807},
	doi = {10.1126/science.1170020},
	number = {5928},
	urldate = {2015-01-19},
	journal = {Science},
	author = {Weinstein, Joshua A. and Jiang, Ning and White, Richard A. and Quake, Stephen R.},
	month = may,
	year = {2009},
	pmid = {19423829},
	pages = {807--810},
}

@article{jiang2013vaccine,
	title = {Lineage {Structure} of the {Human} {Antibody} {Repertoire} in {Response} to {Influenza} {Vaccination}},
	volume = {5},
	url = {http://stm.sciencemag.org/content/scitransmed/5/171/171ra19.full.html},
	doi = {10.1126/scitranslmed.3004794},
	number = {171},
	urldate = {2015-01-19},
	journal = {Science Translational Medicine},
	author = {Jiang, N. and He, J. and Weinstein, J. A. and Penland, L. and Sasaki, S. and He, X.-S. and Dekker, C. L. and Zheng, N.-Y. and Huang, M. and Sullivan, M. and Wilson, P. C. and Greenberg, H. B. and Davis, M. M. and Fisher, D. S. and Quake, S. R.},
	month = feb,
	year = {2013},
	pages = {171ra19},
}

@article{wang2014ageing,
	title = {Effects of {Aging}, {Cytomegalovirus} {Infection}, and {EBV} {Infection} on {Human} {B} {Cell} {Repertoires}},
	volume = {192},
	url = {http://www.jimmunol.org/content/192/2/603},
	doi = {10.4049/jimmunol.1301384},
	number = {2},
	urldate = {2016-12-07},
	journal = {The Journal of Immunology},
	author = {Wang, Chen and Liu, Yi and Xu, Lan T. and Jackson, Katherine J. L. and Roskin, Krishna M. and Pham, Tho D. and Laserson, Jonathan and Marshall, Eleanor L. and Seo, Katie and Lee, Ji-Yeun and Furman, David and Koller, Daphne and Dekker, Cornelia L. and Davis, Mark M. and Fire, Andrew Z. and Boyd, Scott D.},
	month = jan,
	year = {2014},
	pmid = {24337376},
	pages = {603--611},
}

@article{debourcy2017ageing,
	title = {Phylogenetic analysis of the human antibody repertoire reveals quantitative signatures of immune senescence and aging},
	volume = {114},
	url = {http://www.pnas.org/content/114/5/1105},
	doi = {10.1073/pnas.1617959114},
	number = {5},
	urldate = {2018-02-14},
	journal = {PNAS},
	author = {de Bourcy, Charles F. A. and Angel, Cesar J. Lopez and Vollmers, Christopher and Dekker, Cornelia L. and Davis, Mark M. and Quake, Stephen R.},
	month = jan,
	year = {2017},
	pmid = {28096374},
	pages = {1105--1110},
}

@article{jiang2011determinism,
	title = {Determinism and stochasticity during maturation of the zebrafish antibody repertoire},
	volume = {108},
	doi = {10.1073/pnas.1014277108},
	number = {13},
	journal = {PNAS},
	author = {Jiang, Ning and Weinstein, Joshua A. and Penland, Lolita and White, Richard A. and Fisher, Daniel S. and Quake, Stephen R.},
	month = mar,
	year = {2011},
	pages = {5348--5353},
}

@article{krasnov2017igseq,
	title = {Ig-seq: {Deep} sequencing of the variable region of {Atlantic} salmon {IgM} heavy chain transcripts},
	volume = {88},
	shorttitle = {Ig-seq},
	url = {http://www.sciencedirect.com/science/article/pii/S0161589017301955},
	doi = {10.1016/j.molimm.2017.06.022},
	number = {Supplement C},
	urldate = {2017-12-12},
	journal = {Molecular Immunology},
	author = {Krasnov, Aleksei and Jørgensen, Sven Martin and Afanasyev, Sergey},
	month = aug,
	year = {2017},
	pages = {99--105},
}

@article{lund2019salmon,
	title = {A time-course study of gene expression and antibody repertoire at early time post vaccination of {Atlantic} salmon},
	volume = {106},
	url = {http://www.sciencedirect.com/science/article/pii/S0161589018307600},
	doi = {10.1016/j.molimm.2018.12.018},
	urldate = {2019-01-04},
	journal = {Molecular Immunology},
	author = {Lund, Hege and Bakke, Anne Flore and Sommerset, Ingunn and Afanasyev, Sergey and Schriwer, Geir and Thorisdottir, Audur and Boysen, Preben and Krasnov, Aleksei},
	month = feb,
	year = {2019},
	pages = {99--107},
}

@article{fu2018fugu,
	title = {High-{Throughput} {Sequencing} of the {Expressed} {Torafugu} (\textit{Takifugu rubripes}) {Antibody} {Sequences} {Distinguishes} {IgM} and {IgT} {Repertoires} and {Reveals} {Evidence} of {Convergent} {Evolution}},
	volume = {9},
	url = {https://www.frontiersin.org/articles/10.3389/fimmu.2018.00251/full},
	doi = {10.3389/fimmu.2018.00251},
	urldate = {2018-03-12},
	journal = {Frontiers in Immunology},
	author = {Fu, Xi and Sun, Jianqiang and Tan, Engkong and Shimizu, Kentaro and Reza, Md Shaheed and Watabe, Shugo and Asakawa, Shuichi},
	year = {2018},
}

@article{tabibiankeissar2016ageing,
	title = {Aging affects {B}-cell antigen receptor repertoire diversity in primary and secondary lymphoid tissues},
	volume = {46},
	url = {http://onlinelibrary.wiley.com/doi/10.1002/eji.201545586/abstract},
	doi = {10.1002/eji.201545586},
	number = {2},
	urldate = {2016-12-23},
	journal = {European Journal of Immunology},
	author = {Tabibian-Keissar, Hilla and Hazanov, Lena and Schiby, Ginette and Rosenthal, Noemie and Rakovsky, Aviya and Michaeli, Miri and Shahaf, Gitit Lavy and Pickman, Yishai and Rosenblatt, Kinneret and Melamed, Doron and Dunn-Walters, Deborah and Mehr, Ramit and Barshack, Iris},
	month = feb,
	year = {2016},
	pages = {480--492},
}

@article{valdesalici2003lifespan,
	title = {Extremely short lifespan in the annual fish \textit{Nothobranchius furzeri}},
	volume = {270},
	url = {http://rspb.royalsocietypublishing.org/content/270/Suppl_2/S189},
	doi = {10.1098/rsbl.2003.0048},
	number = {Suppl 2},
	urldate = {2017-06-11},
	journal = {Proc. R. Soc. Lond. B},
	author = {Valdesalici, Stefano and Cellerino, Alessandro},
	month = nov,
	year = {2003},
	pmid = {14667379},
	pages = {S189--S191},
}

@article{genade2005annual,
	title = {Annual fishes of the genus \textit{Nothobranchius} as a model system for aging research},
	volume = {4},
	url = {http://onlinelibrary.wiley.com/doi/10.1111/j.1474-9726.2005.00165.x/abstract},
	doi = {10.1111/j.1474-9726.2005.00165.x},
	number = {5},
	urldate = {2018-01-22},
	journal = {Aging Cell},
	author = {Genade, Tyrone and Benedetti, Mauro and Terzibasi, Eva and Roncaglia, Paola and Valenzano, Dario Riccardo and Cattaneo, Antonino and Cellerino, Alessandro},
	month = oct,
	year = {2005},
	pages = {223--233},
}

@article{jubb1971new,
  title={A new \textit{Nothobranchius} (Pisces, Cyprinodontidae) from Southeastern Rhodesia},
  author={Jubb, RA},
  journal={Journal of the American Killifish Association},
  volume={8},
  number={12},
  pages={314--321},
  year={1971},
}

@article{terzibasi2008strains,
	title = {Large {Differences} in {Aging} {Phenotype} between {Strains} of the {Short}-{Lived} {Annual} {Fish} \textit{Nothobranchius furzeri}},
	volume = {3},
	url = {http://journals.plos.org/plosone/article?id=10.1371/journal.pone.0003866},
	doi = {10.1371/journal.pone.0003866},
	number = {12},
	urldate = {2017-06-11},
	journal = {PLOS One},
	author = {Terzibasi, Eva and Valenzano, Dario Riccardo and Benedetti, Mauro and Roncaglia, Paola and Cattaneo, Antonino and Domenici, Luciano and Cellerino, Alessandro},
	month = dec,
	year = {2008},
	pages = {e3866},
}

@article{kirschner2012map,
	title = {Mapping of quantitative trait loci controlling lifespan in the short-lived fish \textit{Nothobranchius furzeri} – a new vertebrate model for age research},
	volume = {11},
	url = {http://onlinelibrary.wiley.com/doi/10.1111/j.1474-9726.2011.00780.x/abstract},
	doi = {10.1111/j.1474-9726.2011.00780.x},
	number = {2},
	urldate = {2017-06-11},
	journal = {Aging Cell},
	author = {Kirschner, Jeanette and Weber, David and Neuschl, Christina and Franke, Andre and Böttger, Marco and Zielke, Lea and Powalsky, Eileen and Groth, Marco and Shagin, Dmitry and Petzold, Andreas and Hartmann, Nils and Englert, Christoph and Brockmann, Gudrun A. and Platzer, Matthias and Cellerino, Alessandro and Reichwald, Kathrin},
	month = apr,
	year = {2012},
	pages = {252--261},
}

@article{valenzano2015genome,
	title = {The {African} {Turquoise} {Killifish} {Genome} {Provides} {Insights} into {Evolution} and {Genetic} {Architecture} of {Lifespan}},
	volume = {163},
	url = {http://www.cell.com/cell/abstract/S0092-8674(15)01488-9},
	doi = {10.1016/j.cell.2015.11.008},
	number = {6},
	urldate = {2017-02-10},
	journal = {Cell},
	author = {Valenzano, Dario Riccardo and Benayoun, Bérénice A. and Singh, Param Priya and Zhang, Elisa and Etter, Paul D. and Hu, Chi-Kuo and Clément-Ziza, Mathieu and Willemsen, David and Cui, Rongfeng and Harel, Itamar and Machado, Ben E. and Yee, Muh-Ching and Sharp, Sabrina C. and Bustamante, Carlos D. and Beyer, Andreas and Johnson, Eric A. and Brunet, Anne},
	month = dec,
	year = {2015},
	pmid = {26638078},
	pages = {1539--1554},
}

@article{smith2017microbiota,
	title = {Regulation of life span by the gut microbiota in the short-lived {African} turquoise killifish},
	volume = {6},
	url = {https://elifesciences.org/articles/27014},
	doi = {10.7554/eLife.27014},
	urldate = {2018-02-05},
	journal = {eLife},
	author = {Smith, Patrick and Willemsen, David and Popkes, Miriam and Metge, Franziska and Gandiwa, Edson and Reichard, Martin and Valenzano, Dario Riccardo},
	month = aug,
	year = {2017},
	pages = {e27014},
}

@article{harel2016crispr,
	title = {Efficient genome engineering approaches for the short-lived {African} turquoise killifish},
	volume = {11},
	url = {https://www.nature.com/articles/nprot.2016.103},
	doi = {10.1038/nprot.2016.103},
	number = {10},
	urldate = {2018-02-05},
	journal = {Nature Protocols},
	author = {Harel, Itamar and Valenzano, Dario Riccardo and Brunet, Anne},
	month = oct,
	year = {2016},
	pages = {2010--2028},
}

@article{valenzano2006resveratrol1,
	title = {Resveratrol {Prolongs} {Lifespan} and {Retards} the {Onset} of {Age}-{Related} {Markers} in a {Short}-{Lived} {Vertebrate}},
	volume = {16},
	url = {http://www.sciencedirect.com/science/article/pii/S0960982206010207},
	doi = {10.1016/j.cub.2005.12.038},
	number = {3},
	urldate = {2018-01-22},
	journal = {Current Biology},
	author = {Valenzano, Dario R. and Terzibasi, Eva and Genade, Tyrone and Cattaneo, Antonino and Domenici, Luciano and Cellerino, Alessandro},
	month = feb,
	year = {2006},
	pages = {296--300},
}

@article{valenzano2006resveratrol2,
	title = {Resveratrol and the {Pharmacology} of {Aging}: {A} {New} {Vertebrate} {Model} to {Validate} an {Old} {Molecule}},
	volume = {5},
	shorttitle = {Resveratrol and the {Pharmacology} of {Aging}},
	url = {https://doi.org/10.4161/cc.5.10.2739},
	doi = {10.4161/cc.5.10.2739},
	number = {10},
	urldate = {2018-01-22},
	journal = {Cell Cycle},
	author = {Valenzano, Dario Riccardo and Cellerino, Alessandro},
	month = may,
	year = {2006},
	pmid = {16687936},
	pages = {1027--1032}
}

@article{dicicco2011histopathology,
	title = {The short-lived annual fish \textit{Nothobranchius furzeri} shows a typical teleost aging process reinforced by high incidence of age-dependent neoplasias},
	volume = {46},
	url = {http://www.sciencedirect.com/science/article/pii/S0531556510003864},
	doi = {10.1016/j.exger.2010.10.011},
	number = {4},
	urldate = {2017-02-10},
	journal = {Experimental Gerontology},
	author = {Di Cicco, Emiliano and Tozzini, Eva Terzibasi and Rossi, Giacomo and Cellerino, Alessandro},
	month = apr,
	year = {2011},
	pages = {249--256},
}

@article{valenzano2006temperature,
	title = {Temperature affects longevity and age-related locomotor and cognitive decay in the short-lived fish \textit{Nothobranchius furzeri}},
	volume = {5},
	url = {http://onlinelibrary.wiley.com/doi/10.1111/j.1474-9726.2006.00212.x/abstract},
	doi = {10.1111/j.1474-9726.2006.00212.x},
	number = {3},
	urldate = {2018-01-22},
	journal = {Aging Cell},
	author = {Valenzano, Dario R. and Terzibasi, Eva and Cattaneo, Antonino and Domenici, Luciano and Cellerino, Alessandro},
	month = jun,
	year = {2006},
	pages = {275--278},
}

@article{terzibasi2009dr,
	title = {Effects of dietary restriction on mortality and age-related phenotypes in the short-lived fish \textit{Nothobranchius furzeri}},
	volume = {8},
	url = {http://onlinelibrary.wiley.com/doi/10.1111/j.1474-9726.2009.00455.x/abstract},
	doi = {10.1111/j.1474-9726.2009.00455.x},
	number = {2},
	urldate = {2018-01-29},
	journal = {Aging Cell},
	author = {Terzibasi, Eva and Lefrançois, Christel and Domenici, Paolo and Hartmann, Nils and Graf, Michael and Cellerino, Alessandro},
	month = apr,
	year = {2009},
	pages = {88--99},
}

@article{terzibasi2007review,
	title = {The short-lived fish \textit{Nothobranchius furzeri} as a new model system for aging studies},
	volume = {42},
	url = {http://www.sciencedirect.com/science/article/pii/S0531556506002130},
	doi = {10.1016/j.exger.2006.06.039},
	number = {1},
	urldate = {2018-01-29},
	journal = {Experimental Gerontology},
	author = {Terzibasi, Eva and Valenzano, Dario Riccardo and Cellerino, Alessandro},
	month = jan,
	year = {2007},
	pages = {81--89},
}

@article{reichwald2009genome,
	title = {High tandem repeat content in the genome of the short-lived annual fish \textit{Nothobranchius furzeri}: a new vertebrate model for aging research},
	volume = {10},
	shorttitle = {High tandem repeat content in the genome of the short-lived annual fish \textit{Nothobranchius furzeri}},
	url = {https://doi.org/10.1186/gb-2009-10-2-r16},
	doi = {10.1186/gb-2009-10-2-r16},
	urldate = {2018-01-29},
	journal = {Genome Biology},
	author = {Reichwald, Kathrin and Lauber, Chris and Nanda, Indrajit and Kirschner, Jeanette and Hartmann, Nils and Schories, Susanne and Gausmann, Ulrike and Taudien, Stefan and Schilhabel, Markus B. and Szafranski, Karol and Glöckner, Gernot and Schmid, Michael and Cellerino, Alessandro and Schartl, Manfred and Englert, Christoph and Platzer, Matthias},
	month = feb,
	year = {2009},
	pages = {R16},
}

@article{valenzano2009map,
	title = {Mapping {Loci} {Associated} {With} {Tail} {Color} and {Sex} {Determination} in the {Short}-{Lived} {Fish} \textit{Nothobranchius furzeri}},
	volume = {183},
	url = {http://www.genetics.org/content/183/4/1385},
	doi = {10.1534/genetics.109.108670},
	number = {4},
	urldate = {2018-02-07},
	journal = {Genetics},
	author = {Valenzano, Dario Riccardo and Kirschner, Jeanette and Kamber, Roarke A. and Zhang, Elisa and Weber, David and Cellerino, Alessandro and Englert, Christoph and Platzer, Matthias and Reichwald, Kathrin and Brunet, Anne},
	month = dec,
	year = {2009},
	pmid = {19786620},
	pages = {1385--1395},
}

@article{reichwald2015genome,
	title = {Insights into {Sex} {Chromosome} {Evolution} and {Aging} from the {Genome} of a {Short}-{Lived} {Fish}},
	volume = {163},
	url = {http://www.cell.com/cell/abstract/S0092-8674(15)01427-0},
	doi = {10.1016/j.cell.2015.10.071},
	number = {6},
	urldate = {2017-02-10},
	journal = {Cell},
	author = {Reichwald, Kathrin and Petzold, Andreas and Koch, Philipp and Downie, Bryan R. and Hartmann, Nils and Pietsch, Stefan and Baumgart, Mario and Chalopin, Domitille and Felder, Marius and Bens, Martin and Sahm, Arne and Szafranski, Karol and Taudien, Stefan and Groth, Marco and Arisi, Ivan and Weise, Anja and Bhatt, Samarth S. and Sharma, Virag and Kraus, Johann M. and Schmid, Florian and Priebe, Steffen and Liehr, Thomas and Görlach, Matthias and Than, Manuel E. and Hiller, Michael and Kestler, Hans A. and Volff, Jean-Nicolas and Schartl, Manfred and Cellerino, Alessandro and Englert, Christoph and Platzer, Matthias},
	month = dec,
	year = {2015},
	pmid = {26638077},
	pages = {1527--1538},
}

@article{willemsen2019popgen,
	author = {Willemsen, David and Cui, Rongfeng and Reichard, Martin and Valenzano, Dario Riccardo},
	year = "in preparation",
}

@article{hughes2018teleostphylo,
  title={Comprehensive phylogeny of ray-finned fishes (Actinopterygii) based on transcriptomic and genomic data},
  author={Hughes, Lily C and Ort{\'\i}, Guillermo and Huang, Yu and Sun, Ying and Baldwin, Carole C and Thompson, Andrew W and Arcila, Dahiana and Betancur-R, Ricardo and Li, Chenhong and Becker, Leandro and others},
  journal={PNAS},
  volume={115},
  number={24},
  pages={6249--6254},
  year={2018},
}

@article{dodzian2018husbandry,
  title={A protocol for laboratory housing of turquoise killifish (\textit{Nothobranchius furzeri})},
  author={Dodzian, Joanna and Kean, Sam and Seidel, Jens and Valenzano, Dario Riccardo},
  journal={J. Vis. Exp.},
  volume={134},
  year={2018},
  pages={57073},
}

@article{carter2011tricaine,
	title = {A review of tricaine methanesulfonate for anesthesia of fish},
	volume = {21},
	url = {https://doi.org/10.1007/s11160-010-9188-0},
	doi = {10.1007/s11160-010-9188-0},
	number = {1},
	urldate = {2019-01-28},
	journal = {Reviews in Fish Biology and Fisheries},
	author = {Carter, Kathleen M. and Woodley, Christa M. and Brown, Richard S.},
	month = mar,
	year = {2011},
	pages = {51--59},
}

@collection{king2010rtpcr,
	series = {Methods in {Molecular} {Biology}},
	edition = 2,
	publisher = {Humana Press},
	title = {RT-PCR Protocols},
	editor = {King, Nicola and O'Connell, Joe},
	year = {2010},
}

@incollection{paul2010hotstartpcr,
	title = {Hot {Start} {PCR}},
	author = {Paul, Natasha and Shum, Jonathan and Le, Tony},
	doi = {10.1007/978-1-60761-629-0_19},
	pages = {301--318},
	crossref = {king2010rtpcr},
}

@article{hawkins1994spri,
	title = {{DNA} purification and isolation using a solid-phase},
	volume = {22},
	url = {https://academic.oup.com/nar/article/22/21/4543/1102413},
	doi = {10.1093/nar/22.21.4543},
	number = {21},
	urldate = {2019-02-24},
	journal = {Nucleic Acids Research},
	author = {Hawkins, Trevor L. and O‘Connor-Morin, Tarra and Roy, Aparna and Santillan, Cynthia},
	month = oct,
	year = {1994},
	pages = {4543--4544},
}

@article{deangelis1995spri,
	title = {Solid-phase reversible immobilization for the isolation of {PCR} products.},
	volume = {23},
	url = {http://europepmc.org/abstract/MED/8524672},
	doi = {10.1093/nar/23.22.4742},
	number = {22},
	urldate = {2019-02-24},
	journal = {Nucleic Acids Research},
	author = {DeAngelis, M. M. and Wang, D. G. and Hawkins, T. L.},
	month = nov,
	year = {1995},
	pages = {4742--4743},
}

@article{lennon2010cleanup,
	title = {A scalable, fully automated process for construction of sequence-ready barcoded libraries for 454},
	volume = {11},
	url = {https://www.ncbi.nlm.nih.gov/pmc/articles/PMC2872875/},
	doi = {10.1186/gb-2010-11-2-r15},
	number = {2},
	urldate = {2019-02-24},
	journal = {Genome Biology},
	author = {Lennon, Niall J and Lintner, Robert E and Anderson, Scott and Alvarez, Pablo and Barry, Andrew and Brockman, William and Daza, Riza and Erlich, Rachel L and Giannoukos, Georgia and Green, Lisa and Hollinger, Andrew and Hoover, Cindi A and Jaffe, David B and Juhn, Frank and McCarthy, Danielle and Perrin, Danielle and Ponchner, Karen and Powers, Taryn L and Rizzolo, Kamran and Robbins, Dana and Ryan, Elizabeth and Russ, Carsten and Sparrow, Todd and Stalker, John and Steelman, Scott and Weiand, Michael and Zimmer, Andrew and Henn, Matthew R and Nusbaum, Chad and Nicol, Robert},
	year = {2010},
	pmid = {20137071},
	pmcid = {PMC2872875},
	pages = {R15},
}

@article{fisher2011cleanup,
	title = {A scalable, fully automated process for construction of sequence-ready human exome targeted capture libraries},
	volume = {12},
	url = {https://www.ncbi.nlm.nih.gov/pmc/articles/PMC3091298/},
	doi = {10.1186/gb-2011-12-1-r1},
	number = {1},
	urldate = {2019-02-24},
	journal = {Genome Biology},
	author = {Fisher, Sheila and Barry, Andrew and Abreu, Justin and Minie, Brian and Nolan, Jillian and Delorey, Toni M and Young, Geneva and Fennell, Timothy J and Allen, Alexander and Ambrogio, Lauren and Berlin, Aaron M and Blumenstiel, Brendan and Cibulskis, Kristian and Friedrich, Dennis and Johnson, Ryan and Juhn, Frank and Reilly, Brian and Shammas, Ramy and Stalker, John and Sykes, Sean M and Thompson, Jon and Walsh, John and Zimmer, Andrew and Zwirko, Zac and Gabriel, Stacey and Nicol, Robert and Nusbaum, Chad},
	year = {2011},
	pmid = {21205303},
	pmcid = {PMC3091298},
	pages = {R1},
}

@manual{zumbo2012phenolchloroform,
	title = {Phenol-chloroform extraction.},
	url = {physiology.med.cornell.edu/faculty/mason/lab/zumbo/files/PHENOL-CHLOROFORM.pdf},
	author = {Zumbo, Paul},
	year = {2012},
	organization = {Weill Cornell Medical College},
}

@manual{zumbo2012ethanol,
	title = {Ethonal precipitation.},
	url = {physiology.med.cornell.edu/faculty/mason/lab/zumbo/files/ETHANOL_PRECIPITATION.pdf},
	author = {Zumbo, Paul},
	year = {2012},
	organization = {Weill Cornell Medical College},
}

@article{chomczynski2006trizol,
	title = {The single-step method of {RNA} isolation by acid guanidinium thiocyanate–phenol–chloroform extraction: twenty-something years on},
	volume = {1},
	issn = {1750-2799},
	url = {https://www.nature.com/articles/nprot.2006.83},
	doi = {10.1038/nprot.2006.83},
	number = {2},
	urldate = {2019-03-17},
	journal = {Nature Protocols},
	author = {Chomczynski, Piotr and Sacchi, Nicoletta},
	month = aug,
	year = {2006},
	pages = {581--585},
}

@manual{sage2016bluepippin,
  title = {{BluePippin} {DNA} {Size} {Selection} {System} {Operations} {Manual}.},
  author       = {Alain Magloire}, 
  organization = {Sage Science Inc.},
  year         = 2016,
}

@article{birnboim1979alkalinelysis,
	title = {A rapid alkaline extraction procedure for screening recombinant plasmid {DNA}.},
	volume = {7},
	issn = {0305-1048},
	url = {https://www.ncbi.nlm.nih.gov/pmc/articles/PMC342324/},
	number = {6},
	urldate = {2019-03-17},
	journal = {Nucleic Acids Research},
	author = {Birnboim, H C and Doly, J},
	month = nov,
	year = {1979},
	pmid = {388356},
	pmcid = {PMC342324},
	pages = {1513--1523}
}

@article{turchaninova2016igprep,
	title = {High-quality full-length immunoglobulin profiling with unique molecular barcoding},
	volume = {11},
	url = {https://www.nature.com/nprot/journal/v11/n9/full/nprot.2016.093.html},
	doi = {10.1038/nprot.2016.093},
	number = {9},
	urldate = {2017-07-10},
	journal = {Nature Protocols},
	author = {Turchaninova, M. A. and Davydov, A. and Britanova, O. V. and Shugay, M. and Bikos, V. and Egorov, E. S. and Kirgizova, V. I. and Merzlyak, E. M. and Staroverov, D. B. and Bolotin, D. A. and Mamedov, I. Z. and Izraelson, M. and Logacheva, M. D. and Kladova, O. and Plevova, K. and Pospisilova, S. and Chudakov, D. M.},
	month = sep,
	year = {2016},
	pages = {1599--1616},
}

@article{untergasser2012primer3,
	title = {Primer3—new capabilities and interfaces},
	volume = {40},
	url = {http://www.ncbi.nlm.nih.gov/pmc/articles/PMC3424584/},
	doi = {10.1093/nar/gks596},
	number = {15},
	urldate = {2015-10-29},
	journal = {Nucleic Acids Research},
	author = {Untergasser, Andreas and Cutcutache, Ioana and Koressaar, Triinu and Ye, Jian and Faircloth, Brant C. and Remm, Maido and Rozen, Steven G.},
	month = aug,
	year = {2012},
	pmid = {22730293},
	pmcid = {PMC3424584},
	pages = {e115},
}

@manual{illumina2018adapters,
  title        = {Illumina {Adapter} {Sequences},},
  version      = 9,
  organization = {Illumina},
  year         = 2018,
}

@article{huber2015bioconductor,
    author = {W. Huber and V. J. Carey and R. Gentleman and S. Anders and M. Carlson and B. S. Carvalho and H. C. Bravo and S. Davis and L. Gatto and T. Girke and R. Gottardo and F. Hahne and K. D. Hansen and R. A. Irizarry and M. Lawrence and M. I. Love and J. MacDonald and V. Obenchain and A. K. {Ole's} and H. {Pag{\`e}s} and A. Reyes and P. Shannon and G. K. Smyth and D. Tenenbaum and L. Waldron and M. Morgan},
    title = {{O}rchestrating high-throughput genomic analysis with {B}ioconductor},
    journal = {Nature Methods},
    year = {2015},
    volume = {12},
    number = {2},
    pages = {115--121},
    url = {http://www.nature.com/nmeth/journal/v12/n2/full/nmeth.3252.html},
  }

@manual{pages2017biostrings,
  title={Biostrings: Efficient manipulation of biological strings.},
  author={Pag{\`e}s, H and Aboyoun, P and Gentleman, R and DebRoy, S},
  year={2017},
  note = {R package, version 2.0},
}

@manual{pages2018bsgenome,
    title = {BSgenome: Software infrastructure for efficient representation of full
genomes and their SNPs.},
    author = {Pag{\`e}s, H},
    year = {2018},
    note = {R package, version 1.50.0},
  }

@article{lawrence2013genomicranges,
    title = {Software for Computing and Annotating Genomic Ranges},
    author = {Michael Lawrence and Wolfgang Huber and Herv\'e Pag\`es and Patrick Aboyoun and Marc Carlson and Robert Gentleman and Martin Morgan and Vincent Carey},
    year = {2013},
    journal = {{PLoS} Computational Biology},
    volume = {9},
    doi = {10.1371/journal.pcbi.1003118},
    url = {http://www.ploscompbiol.org/article/info%3Adoi%2F10.1371%2Fjournal.pcbi.1003118},
}

@manual{becker2018genbankr,
    title = {genbankr: Parsing GenBank files into semantically useful objects.},
    author = {Gabriel Becker and Michael Lawrence},
    year = {2018},
    note = {R package version, 1.10.0},
  }

@article{winter2017rentrez,
    title = {{rentrez}: an R package for the NCBI eUtils API},
    author = {David J. Winter},
    journal = {The R Journal},
    year = {2017},
    volume = {9},
    pages = {520--526},
  }

@article{needleman1970alignment,
	title = {A general method applicable to the search for similarities in the amino acid sequence of two proteins},
	volume = {48},
	url = {http://www.sciencedirect.com/science/article/pii/0022283670900574},
	doi = {10.1016/0022-2836(70)90057-4},
	number = {3},
	urldate = {2016-05-24},
	journal = {Journal of Molecular Biology},
	author = {Needleman, Saul B. and Wunsch, Christian D.},
	month = mar,
	year = {1970},
	pages = {443--453},
}

@article{waterman1981alignment,
	title = {Identification of common molecular subsequences},
	volume = {147},
	url = {http://www.sciencedirect.com/science/article/pii/0022283681900875},
	doi = {10.1016/0022-2836(81)90087-5},
	number = {1},
	urldate = {2017-05-25},
	journal = {Journal of Molecular Biology},
	author = {Smith, T. F. and Waterman, M. S.},
	month = mar,
	year = {1981},
	pages = {195--197},
}

@manual{wickham2018dplyr,
    title = {dplyr: A Grammar of Data Manipulation.},
    author = {Hadley Wickham and Romain François and Lionel Henry and Kirill Müller},
    year = {2018},
    note = {R package, version 0.7.8},
    url = {https://CRAN.R-project.org/package=dplyr},
}

@manual{wickham2018tidyr,
    title = {tidyr: Easily Tidy Data with `spread()' and `gather()' Functions.},
    author = {Hadley Wickham and Lionel Henry},
    year = {2018},
    note = {R package, version 0.8.2},
    url = {https://CRAN.R-project.org/package=tidyr},
}

@manual{wickham2018readr,
    title = {readr: Read Rectangular Text Data.},
    author = {Hadley Wickham and Jim Hester and Romain Francois},
    year = {2018},
    note = {R package version, 1.2.1},
    url = {https://CRAN.R-project.org/package=readr},
}

 @manual{wickham2018stringr,
    title = {stringr: Simple, Consistent Wrappers for Common String Operations.},
    author = {Hadley Wickham},
    year = {2018},
    note = {R package, version 1.3.1},
    url = {https://CRAN.R-project.org/package=stringr},
}

@article{koster2012snakemake,
	title = {Snakemake—a scalable bioinformatics workflow engine},
	volume = {28},
	url = {https://academic.oup.com/bioinformatics/article/28/19/2520/290322},
	doi = {10.1093/bioinformatics/bts480},
	number = {19},
	urldate = {2018-04-13},
	journal = {Bioinformatics},
	author = {Köster, Johannes and Rahmann, Sven},
	month = oct,
	year = {2012},
	pages = {2520--2522},
}

@manual{rcore2018rcore,
    title = {R: A Language and Environment for Statistical Computing.},
    author = {{R Core Team}},
    organization = {R Foundation for Statistical Computing},
    year = {2018},
    url = {https://www.R-project.org/},
}

@book{wickham2016ggplot2,
    author = {Hadley Wickham},
    title = {ggplot2: Elegant Graphics for Data Analysis},
    publisher = {Springer},
    year = {2016},
    url = {http://ggplot2.org},
}

@collection{mathe2016statgen,
	editor = {Ewy Math\'e and Sean Davis},
	title = {Statistical Genomics: Methods and Protocols},
	year = {2016},
	publisher = {Springer},
	series = {Methods in Molecular Biology},
}

@incollection{hahne2016gviz,
    author = {Florian Hahne and Robert Ivanek},
    title = {Visualizing Genomic Data Using Gviz and Bioconductor},
    pages = {335--351},
    doi = {10.1007/978-1-4939-3578-9_16},
    crossref = {mathe2016statgen},
}

@article{guangchuang2018ggtree,
  title={Two methods for mapping and visualizing associated data on phylogeny using ggtree},
  author={Yu, Guangchuang and Lam, Tommy Tsan-Yuk and Zhu, Huachen and Guan, Yi},
  journal={Molecular Biology and Evolution},
  volume={35},
  number={12},
  pages={3041--3043},
  year={2018},
  publisher={Oxford University Press}
}

@article{paradis2018ape,
	title = {ape 5.0: an environment for modern phylogenetics and evolutionary analyses in {R}},
	volume = {35},
	shorttitle = {ape 5.0},
	url = {https://academic.oup.com/bioinformatics/article/35/3/526/5055127},
	doi = {10.1093/bioinformatics/bty633},
	number = {3},
	urldate = {2019-02-25},
	journal = {Bioinformatics},
	author = {Paradis, Emmanuel and Schliep, Klaus},
	month = feb,
	year = {2019},
	pages = {526--528}
}

@manual{guangchuang2018tidytree,
    title = {tidytree: A Tidy Tool for Phylogenetic Tree Data Manipulation.},
    author = {Guangchuang Yu},
    year = {2018},
    note = {R package version, 0.2.0},
    url = {https://CRAN.R-project.org/package=tidytree},
}

@manual{wagih2017ggseqlogo,
    title = {ggseqlogo: A ggplot2 Extension for Drawing Publication-Ready Sequence
Logos.},
    author = {Omar Wagih},
    year = {2017},
    note = {R package, version 0.1},
    url = {https://CRAN.R-project.org/package=ggseqlogo},
}

@article{bolger2014trimmomatic,
	title = {Trimmomatic: a flexible trimmer for {Illumina} sequence data},
	volume = {30},
	shorttitle = {Trimmomatic},
	url = {https://academic.oup.com/bioinformatics/article/30/15/2114/2390096},
	doi = {10.1093/bioinformatics/btu170},
	number = {15},
	urldate = {2018-05-24},
	journal = {Bioinformatics},
	author = {Bolger, Anthony M. and Lohse, Marc and Usadel, Bjoern},
	month = aug,
	year = {2014},
	pages = {2114--2120},
}

@article{langmead2012bowtie2,
	title = {Fast gapped-read alignment with {Bowtie} 2},
	volume = {9},
	copyright = {2012 Nature Publishing Group},
	url = {https://www.nature.com/articles/nmeth.1923},
	doi = {10.1038/nmeth.1923},
	number = {4},
	urldate = {2018-05-28},
	journal = {Nature Methods},
	author = {Langmead, Ben and Salzberg, Steven L.},
	month = apr,
	year = {2012},
	pages = {357--359},
}

@article{marcais2015quorum,
	title = {{QuorUM}: {An} {Error} {Corrector} for {Illumina} {Reads}},
	volume = {10},
	shorttitle = {{QuorUM}},
	url = {http://dx.doi.org/10.1371/journal.pone.0130821},
	doi = {10.1371/journal.pone.0130821},
	number = {6},
	urldate = {2015-08-27},
	journal = {PLoS ONE},
	author = {Marçais, Guillaume and Yorke, James A. and Zimin, Aleksey},
	month = jun,
	year = {2015},
	pages = {e0130821},
}

@article{bankevich2012spades,
	title = {{SPAdes}: {A} {New} {Genome} {Assembly} {Algorithm} and {Its} {Applications} to {Single}-{Cell} {Sequencing}},
	volume = {19},
	shorttitle = {{SPAdes}},
	url = {http://online.liebertpub.com/doi/abs/10.1089/cmb.2012.0021},
	doi = {10.1089/cmb.2012.0021},
	number = {5},
	urldate = {2015-06-25},
	journal = {Journal of Computational Biology},
	author = {Bankevich, Anton and Nurk, Sergey and Antipov, Dmitry and Gurevich, Alexey A. and Dvorkin, Mikhail and Kulikov, Alexander S. and Lesin, Valery M. and Nikolenko, Sergey I. and Pham, Son and Prjibelski, Andrey D. and Pyshkin, Alexey V. and Sirotkin, Alexander V. and Vyahhi, Nikolay and Tesler, Glenn and Alekseyev, Max A. and Pevzner, Pavel A.},
	month = apr,
	year = {2012},
	pages = {455--477},
}

@article{nikolenko2013bayeshammer,
	title = {{BayesHammer}: {Bayesian} clustering for error correction in single-cell sequencing},
	volume = {14},
	copyright = {2013 Nikolenko et al.; licensee BioMed Central Ltd.},
	shorttitle = {{BayesHammer}},
	url = {http://www.biomedcentral.com/1471-2164/14/S1/S7/abstract},
	doi = {10.1186/1471-2164-14-S1-S7},
	number = {Suppl 1},
	urldate = {2015-08-17},
	journal = {BMC Genomics},
	author = {Nikolenko, Sergey I. and Korobeynikov, Anton I. and Alekseyev, Max A.},
	month = jan,
	year = {2013},
	pmid = {23368723},
	pages = {S7},
}

@article{altschul1990blast,
	title = {Basic local alignment search tool},
	volume = {215},
	url = {http://www.sciencedirect.com/science/article/pii/S0022283605803602},
	doi = {10.1016/S0022-2836(05)80360-2},
	number = {3},
	urldate = {2015-07-29},
	journal = {Journal of Molecular Biology},
	author = {Altschul, Stephen F. and Gish, Warren and Miller, Webb and Myers, Eugene W. and Lipman, David J.},
	month = oct,
	year = {1990},
	pages = {403--410},
}

@article{altschul1997blast,
	title = {Gapped {BLAST} and {PSI}-{BLAST}: a new generation of protein database search programs},
	volume = {25},
	shorttitle = {Gapped {BLAST} and {PSI}-{BLAST}},
	url = {https://academic.oup.com/nar/article/25/17/3389/1061651},
	doi = {10.1093/nar/25.17.3389},
	number = {17},
	urldate = {2018-11-30},
	journal = {Nucleic Acids Research},
	author = {Altschul, Stephen F. and Madden, Thomas L. and Schäffer, Alejandro A. and Zhang, Jinghui and Zhang, Zheng and Miller, Webb and Lipman, David J.},
	month = sep,
	year = {1997},
	pages = {3389--3402},
}

@article{boetzer2011sspace,
	title = {Scaffolding pre-assembled contigs using {SSPACE}},
	volume = {27},
	url = {http://bioinformatics.oxfordjournals.org/content/27/4/578},
	doi = {10.1093/bioinformatics/btq683},
	number = {4},
	urldate = {2015-07-27},
	journal = {Bioinformatics},
	author = {Boetzer, Marten and Henkel, Christiaan V. and Jansen, Hans J. and Butler, Derek and Pirovano, Walter},
	month = feb,
	year = {2011},
	pmid = {21149342},
	pages = {578--579},
}

@article{danilova2005zebrafish,
	title = {The immunoglobulin heavy-chain locus in zebrafish: identification and expression of a previously unknown isotype, immunoglobulin {Z}},
	volume = {6},
	copyright = {© 2005 Nature Publishing Group},
	shorttitle = {The immunoglobulin heavy-chain locus in zebrafish},
	url = {http://www.nature.com/ni/journal/v6/n3/full/ni1166.html#f1},
	doi = {10.1038/ni1166},
	number = {3},
	urldate = {2015-10-12},
	journal = {Nature Immunology},
	author = {Danilova, Nadia and Bussmann, Jeroen and Jekosch, Kerstin and Steiner, Lisa A.},
	month = mar,
	year = {2005},
	pages = {295--302},
}

@article{gertz2006tblastn,
	title = {Composition-based statistics and translated nucleotide searches: {Improving} the {TBLASTN} module of {BLAST}},
	volume = {4},
	shorttitle = {Composition-based statistics and translated nucleotide searches},
	url = {https://www.ncbi.nlm.nih.gov/pmc/articles/PMC1779365/},
	doi = {10.1186/1741-7007-4-41},
	urldate = {2018-11-30},
	journal = {BMC Biology},
	author = {Gertz, E Michael and Yu, Yi-Kuo and Agarwala, Richa and Schäffer, Alejandro A and Altschul, Stephen F},
	month = dec,
	year = {2006},
	pmid = {17156431},
	pmcid = {PMC1779365},
	pages = {41},
}

@collection{russell2014msa,
    title = {Multiple {Sequence} {Alignment} {Methods}},
    publisher = {Humana Press},
    editor = {Russell, David J},
    year = {2014},
    series = {Methods in {Molecular} {Biology}},
}

@incollection{loytynoja2014prank,
    url = {https://doi.org/10.1007/978-1-62703-646-7_10},
    author = {L\"{o}ytynoja, Ari},
    doi = {10.1007/978-1-62703-646-7_10},
    pages = {155--170},
    title = {Phylogeny-aware alignment with {PRANK}},
    crossref = {russell2014msa}
}

@article{wheeler2013nhmmer,
	title = {nhmmer: {DNA} homology search with profile {HMMs}},
	volume = {29},
	shorttitle = {nhmmer},
	url = {https://academic.oup.com/bioinformatics/article/29/19/2487/186765},
	doi = {10.1093/bioinformatics/btt403},
	number = {19},
	urldate = {2018-07-16},
	journal = {Bioinformatics},
	author = {Wheeler, Travis J. and Eddy, Sean R.},
	month = oct,
	year = {2013},
	pages = {2487--2489},
}

@article{eddy2011hmm,
	title = {Accelerated {Profile} {HMM} {Searches}},
	volume = {7},
	url = {http://journals.plos.org/ploscompbiol/article?id=10.1371/journal.pcbi.1002195},
	doi = {10.1371/journal.pcbi.1002195},
	number = {10},
	urldate = {2018-07-16},
	journal = {PLOS Computational Biology},
	author = {Eddy, Sean R.},
	month = oct,
	year = {2011},
	pages = {e1002195},
}

@collection{shinichi2009informatics,
	editor = {Shinichi Morishita and Sang Yup Lee and Yasubumi Sakakibara},
	series = {Genomic Informatics},
	volume = {23},
	title = {Genome Informatics 2009},
	publisher = {Imperial College Press},
	year = {2009},
}

@incollection{eddy2009homology,
	title = {A new generation of homology search tools based on probabilistic inference},
	author = {Eddy, Sean R.},
	doi = {10.1142/9781848165632_0019},
	pages = {205--211},
	crossref = {shinichi2009informatics},
}

@article{eddy2008alignment,
	title = {A {Probabilistic} {Model} of {Local} {Sequence} {Alignment} {That} {Simplifies} {Statistical} {Significance} {Estimation}},
	volume = {4},
	url = {https://journals.plos.org/ploscompbiol/article?id=10.1371/journal.pcbi.1000069},
	doi = {10.1371/journal.pcbi.1000069},
	number = {5},
	urldate = {2018-11-30},
	journal = {PLOS Computational Biology},
	author = {Eddy, Sean R.},
	month = may,
	year = {2008},
	pages = {e1000069},
}

@article{ehrenmann2011domaingapalign,
	title = {{IMGT}/{DomainGapAlign}: {IMGT} {Standardized} {Analysis} of {Amino} {Acid} {Sequences} of {Variable}, {Constant}, and {Groove} {Domains} ({IG}, {TR}, {MH}, {IgSF}, {MhSF})},
	volume = {2011},
	shorttitle = {{IMGT}/{DomainGapAlign}},
	url = {http://cshprotocols.cshlp.org/content/2011/6/pdb.prot5636},
	doi = {10.1101/pdb.prot5636},
	number = {6},
	urldate = {2018-11-30},
	journal = {Cold Spring Harbor Protocols},
	author = {Ehrenmann, François and Lefranc, Marie-Paule},
	month = jun,
	year = {2011},
	pmid = {21632775},
	pages = {737-749},
}

@article{ye2013igblast,
  title={IgBLAST: an immunoglobulin variable domain sequence analysis tool},
  author={Ye, Jian and Ma, Ning and Madden, Thomas L and Ostell, James M},
  journal={Nucleic Acids Research},
  volume={41},
  number={W1},
  pages={W34--W40},
  year={2013},
}

@article{lefranc2014immunoglobulins,
	title = {Immunoglobulins: 25 {Years} of {Immunoinformatics} and {IMGT}-{ONTOLOGY}},
	volume = {4},
	shorttitle = {Immunoglobulins},
	url = {https://www.ncbi.nlm.nih.gov/pmc/articles/PMC4279172/},
	doi = {10.3390/biom4041102},
	number = {4},
	urldate = {2018-11-30},
	journal = {Biomolecules},
	author = {Lefranc, Marie-Paule},
	month = dec,
	year = {2014},
	pmid = {25521638},
	pmcid = {PMC4279172},
	pages = {1102--1139}
}

@article{rice2000emboss,
	title = {{EMBOSS}: {The} {European} {Molecular} {Biology} {Open} {Software} {Suite}},
	volume = {16},
	shorttitle = {{EMBOSS}},
	url = {http://www.sciencedirect.com/science/article/pii/S0168952500020242},
	doi = {10.1016/S0168-9525(00)02024-2},
	number = {6},
	urldate = {2018-11-30},
	journal = {Trends in Genetics},
	author = {Rice, Peter and Longden, Ian and Bleasby, Alan},
	month = jun,
	year = {2000},
	pages = {276--277},
}

@article{dobin2013star,
	title = {{STAR}: ultrafast universal {RNA}-seq aligner},
	volume = {29},
	shorttitle = {{STAR}},
	url = {https://www.ncbi.nlm.nih.gov/pmc/articles/PMC3530905/},
	doi = {10.1093/bioinformatics/bts635},
	number = {1},
	urldate = {2018-11-30},
	journal = {Bioinformatics},
	author = {Dobin, Alexander and Davis, Carrie A. and Schlesinger, Felix and Drenkow, Jorg and Zaleski, Chris and Jha, Sonali and Batut, Philippe and Chaisson, Mark and Gingeras, Thomas R.},
	month = jan,
	year = {2013},
	pmid = {23104886},
	pmcid = {PMC3530905},
	pages = {15--21},
}

@online{smith2016repeatmasker,
  title={RepeatMasker Open-4.0.},
  year = {2015},
  author={Smith, AFA and Hubley, R and Green, P},
  url = {www.repeatmasker.org},
}

@article{li2009samtools,
	title = {The {Sequence} {Alignment}/{Map} format and {SAMtools}},
	volume = {25},
	doi = {10.1093/bioinformatics/btp352},
	number = {16},
	journal = {Bioinformatics},
	author = {Li, Heng and Handsaker, Bob and Wysoker, Alec and Fennell, Tim and Ruan, Jue and Homer, Nils and Marth, Gabor and Abecasis, Goncalo and Durbin, Richard and {1000 Genome Project Data Processing Subgroup}},
	month = aug,
	year = {2009},
	pmid = {19505943},
	pmcid = {PMC2723002},
	pages = {2078--2079},
}

@article{robinson2011igv,
	title = {Integrative genomics viewer},
	volume = {29},
	copyright = {2011 Nature Publishing Group},
	url = {https://www.nature.com/articles/nbt.1754},
	doi = {10.1038/nbt.1754},
	urldate = {2019-01-21},
	journal = {Nature Biotechnology},
	author = {Robinson, James T. and Thorvaldsdóttir, Helga and Winckler, Wendy and Guttman, Mitchell and Lander, Eric S. and Getz, Gad and Mesirov, Jill P.},
	month = jan,
	year = {2011},
	pages = {24--26},
}

@article{thorvaldsdottir2013igv,
	title = {Integrative {Genomics} {Viewer} ({IGV}): high-performance genomics data visualization and exploration},
	volume = {14},
	shorttitle = {Integrative {Genomics} {Viewer} ({IGV})},
	url = {https://academic.oup.com/bib/article/14/2/178/208453},
	doi = {10.1093/bib/bbs017},
	number = {2},
	urldate = {2019-01-21},
	journal = {Briefings in Bioinformatics},
	author = {Thorvaldsdóttir, Helga and Robinson, James T. and Mesirov, Jill P.},
	month = mar,
	year = {2013},
	pages = {178--192},
}

@article{shapiro1987splice,
	title = {{RNA} splice junctions of different classes of eukaryotes: sequence statistics and functional implications in gene expression.},
	volume = {15},
	shorttitle = {{RNA} splice junctions of different classes of eukaryotes},
	url = {http://europepmc.org/abstract/MED/3658675},
	doi = {10.1093/nar/15.17.7155},
	number = {17},
	urldate = {2018-11-30},
	journal = {Nucleic Acids Research},
	author = {Shapiro, M. B. and Senapathy, P.},
	month = sep,
	year = {1987},
	pages = {7155--7174},
}

@article{ulitsky2012polya,
  title={Extensive alternative polyadenylation during zebrafish development},
  author={Ulitsky, Igor and Shkumatava, Alena and Jan, Calvin H and Subtelny, Alexander O and Koppstein, David and Bell, George W and Sive, Hazel and Bartel, David P},
  journal={Genome research},
  volume={22},
  number={10},
  pages={2054--2066},
  year={2012},
}

@article{wright2016decipher,
    title = {Using DECIPHER v2.0 to Analyze Big Biological Sequence Data in R},
    author = {Erik S. Wright},
    journal = {The R Journal},
    year = {2016},
    volume = {8},
    number = {1},
    pages = {352-359},
  }

@article{cui2019annual,
	title = {Genome-wide relaxation of selection underlies the evolution of annual killifishes},
	author = {Cui, Rongfeng and Medeiros, T{\^a}nia and Willemsen, David and Iasi, Leonardo and Collier, Glenn E. and Graef, Martin and Reichard, Martin and Valenzano, Dario Riccardo},
	year = "Submitted",
}

@article{stamatakis2014raxml8,
	title = {{RAxML} version 8: a tool for phylogenetic analysis and post-analysis of large phylogenies},
	volume = {30},
	shorttitle = {{RAxML} version 8},
	url = {https://academic.oup.com/bioinformatics/article/30/9/1312/238053},
	doi = {10.1093/bioinformatics/btu033},
	number = {9},
	urldate = {2018-11-23},
	journal = {Bioinformatics},
	author = {Stamatakis, Alexandros},
	month = may,
	year = {2014},
	pages = {1312--1313},
}

@article{stamatakis2005raxml3,
	title = {{RAxML}-{III}: a fast program for maximum likelihood-based inference of large phylogenetic trees},
	volume = {21},
	shorttitle = {{RAxML}-{III}},
	url = {https://academic.oup.com/bioinformatics/article/21/4/456/203612},
	doi = {10.1093/bioinformatics/bti191},
	number = {4},
	urldate = {2018-11-27},
	journal = {Bioinformatics},
	author = {Stamatakis, A. and Ludwig, T. and Meier, H.},
	month = feb,
	year = {2005},
	pages = {456--463},
}

@article{stamatakis2006raxml6,
	title = {{RAxML}-{VI}-{HPC}: maximum likelihood-based phylogenetic analyses with thousands of taxa and mixed models},
	volume = {22},
	shorttitle = {{RAxML}-{VI}-{HPC}},
	url = {https://academic.oup.com/bioinformatics/article/22/21/2688/251208},
	doi = {10.1093/bioinformatics/btl446},
	number = {21},
	urldate = {2018-11-27},
	journal = {Bioinformatics},
	author = {Stamatakis, Alexandros},
	month = nov,
	year = {2006},
	pages = {2688--2690},
}

@misc{rambaut2012figtree,
  title={FigTree},
  version = {1.4},
  author={Rambaut, Andrew},
  year={2012}
}

@article{vanderheiden2014presto,
	title = {{pRESTO}: a toolkit for processing high-throughput sequencing raw reads of lymphocyte receptor repertoires},
	volume = {30},
	shorttitle = {{pRESTO}},
	url = {https://academic.oup.com/bioinformatics/article/30/13/1930/2422252},
	doi = {10.1093/bioinformatics/btu138},
	number = {13},
	urldate = {2018-02-05},
	journal = {Bioinformatics},
	author = {Vander Heiden, Jason A. and Yaari, Gur and Uduman, Mohamed and Stern, Joel N. H. and O’Connor, Kevin C. and Hafler, David A. and Vigneault, Francois and Kleinstein, Steven H.},
	month = jul,
	year = {2014},
	pages = {1930--1932},
}

@article{gupta2015changeo,
	title = {Change-{O}: a toolkit for analyzing large-scale {B} cell immunoglobulin repertoire sequencing data},
	volume = {31},
	shorttitle = {Change-{O}},
	url = {https://academic.oup.com/bioinformatics/article/31/20/3356/195677},
	doi = {10.1093/bioinformatics/btv359},
	number = {20},
	urldate = {2018-02-14},
	journal = {Bioinformatics},
	author = {Gupta, Namita T. and Heiden, Vander and A, Jason and Uduman, Mohamed and Gadala-Maria, Daniel and Yaari, Gur and Kleinstein, Steven H.},
	month = oct,
	year = {2015},
	pages = {3356--3358},
}

@article{ewing1998phred,
	title = {Base-{Calling} of {Automated} {Sequencer} {Traces} {Using} {Phred}. {II}. {Error} {Probabilities}},
	volume = {8},
	issn = {1088-9051, 1549-5469},
	url = {http://genome.cshlp.org/content/8/3/186},
	doi = {10.1101/gr.8.3.186},
	number = {3},
	urldate = {2019-03-12},
	journal = {Genome Research},
	author = {Ewing, Brent and Green, Phil},
	month = mar,
	year = {1998},
	pmid = {9521922},
	pages = {186--194},
}

@article{li2006cdhit,
	title = {Cd-hit: a fast program for clustering and comparing large sets of protein or nucleotide sequences},
	volume = {22},
	shorttitle = {Cd-hit},
	url = {https://academic.oup.com/bioinformatics/article/22/13/1658/194225},
	doi = {10.1093/bioinformatics/btl158},
	number = {13},
	urldate = {2019-01-22},
	journal = {Bioinformatics},
	author = {Li, Weizhong and Godzik, Adam},
	month = jul,
	year = {2006},
	pages = {1658--1659}
}

@article{fu2012cdhit,
	title = {{CD}-{HIT}: accelerated for clustering the next-generation sequencing data},
	volume = {28},
	shorttitle = {{CD}-{HIT}},
	url = {https://academic.oup.com/bioinformatics/article/28/23/3150/192160},
	doi = {10.1093/bioinformatics/bts565},
	number = {23},
	urldate = {2019-01-22},
	journal = {Bioinformatics},
	author = {Fu, Limin and Niu, Beifang and Zhu, Zhengwei and Wu, Sitao and Li, Weizhong},
	month = dec,
	year = {2012},
	pages = {3150--3152},
}

@misc{vanderheiden2018perscomm,
  author = {Vander Heiden, Jason A.},
  year = {2018},
  howpublished = "Personal communication"
}

@article{edgar2010usearch,
	title = {Search and clustering orders of magnitude faster than {BLAST}},
	volume = {26},
	url = {https://academic.oup.com/bioinformatics/article/26/19/2460/230188},
	doi = {10.1093/bioinformatics/btq461},
	number = {19},
	urldate = {2019-01-22},
	journal = {Bioinformatics},
	author = {Edgar, Robert C.},
	month = oct,
	year = {2010},
	pages = {2460--2461},
}

@article{rognes2016vsearch,
	title = {{VSEARCH}: a versatile open source tool for metagenomics},
	volume = {4},
	shorttitle = {{VSEARCH}},
	url = {https://peerj.com/articles/2584},
	doi = {10.7717/peerj.2584},
	urldate = {2019-01-22},
	journal = {PeerJ},
	author = {Rognes, Torbjørn and Flouri, Tomáš and Nichols, Ben and Quince, Christopher and Mahé, Frédéric},
	month = oct,
	year = {2016},
	pages = {e2584},
}

@misc{li2016seqtk,
  title={seqtk: A fast and lightweight tool for processing FASTA or FASTQ sequences},
  author={Li, H},
  year={2016}
}

@article{nouri2018threshold,
	title = {Optimized {Threshold} {Inference} for {Partitioning} of {Clones} {From} {High}-{Throughput} {B} {Cell} {Repertoire} {Sequencing} {Data}},
	volume = {9},
	url = {https://www.frontiersin.org/articles/10.3389/fimmu.2018.01687/full},
	doi = {10.3389/fimmu.2018.01687},
	urldate = {2018-08-14},
	journal = {Frontiers in Immunology},
	author = {Nouri, Nima and Kleinstein, Steven H.},
	year = {2018},
}

@article{gupta2017hierarchical,
	title = {Hierarchical {Clustering} {Can} {Identify} {B} {Cell} {Clones} with {High} {Confidence} in {Ig} {Repertoire} {Sequencing} {Data}},
	volume = {198},
	copyright = {Copyright © 2017 by The American Association of Immunologists, Inc.},
	issn = {0022-1767, 1550-6606},
	url = {http://www.jimmunol.org/content/198/6/2489},
	doi = {10.4049/jimmunol.1601850},
	number = {6},
	urldate = {2019-03-07},
	journal = {The Journal of Immunology},
	author = {Gupta, Namita T. and Adams, Kristofor D. and Briggs, Adrian W. and Timberlake, Sonia C. and Vigneault, Francois and Kleinstein, Steven H.},
	month = mar,
	year = {2017},
	pmid = {28179494},
	pages = {2489--2499},
}

@article{mora2016diversity,
	title = {Quantifying lymphocyte receptor diversity},
	journal = {arXiv},
	pages = {1604.00487},
	url = {http://arxiv.org/abs/1604.00487},
	author = {Mora, Thierry and Walczak, Aleksandra},
	month = apr,
	year = {2016},
}

@article{gotelli2001rarefaction,
	title = {Quantifying biodiversity: procedures and pitfalls in the measurement and comparison of species richness},
	volume = {4},
	shorttitle = {Quantifying biodiversity},
	url = {https://onlinelibrary.wiley.com/doi/abs/10.1046/j.1461-0248.2001.00230.x},
	doi = {10.1046/j.1461-0248.2001.00230.x},
	number = {4},
	urldate = {2018-04-10},
	journal = {Ecology Letters},
	author = {{Gotelli, Nicholas J.} and {Colwell, Robert K.}},
	month = dec,
	year = {2001},
	pages = {379--391},
}

@article{stern2014bcells,
	title = {B cells populating the multiple sclerosis brain mature in the draining cervical lymph nodes},
	volume = {6},
	url = {http://stm.sciencemag.org/content/6/248/248ra107},
	doi = {10.1126/scitranslmed.3008879},
	number = {248},
	urldate = {2019-03-14},
	journal = {Science Translational Medicine},
	author = {Stern, Joel N. H. and Yaari, Gur and Heiden, Jason A. Vander and Church, George and Donahue, William F. and Hintzen, Rogier Q. and Huttner, Anita J. and Laman, Jon D. and Nagra, Rashed M. and Nylander, Alyssa and Pitt, David and Ramanan, Sriram and Siddiqui, Bilal A. and Vigneault, Francois and Kleinstein, Steven H. and Hafler, David A. and O’Connor, Kevin C.},
	month = aug,
	year = {2014},
	pmid = {25100741},
	pages = {248ra107},
}

@article{bolen2017rdi,
	title = {The {Repertoire} {Dissimilarity} {Index} as a method to compare lymphocyte receptor repertoires},
	volume = {18},
	issn = {1471-2105},
	url = {https://doi.org/10.1186/s12859-017-1556-5},
	doi = {10.1186/s12859-017-1556-5},
	urldate = {2018-04-12},
	journal = {BMC Bioinformatics},
	author = {Bolen, Christopher R. and Rubelt, Florian and Vander Heiden, Jason A. and Davis, Mark M.},
	month = mar,
	year = {2017},
	pages = {155},
	annote = {Pages 155 in PDF},
}

@article{marcou2018igor,
	title = {High-throughput immune repertoire analysis with {IGoR}},
	volume = {9},
	copyright = {2018 The Author(s)},
	issn = {2041-1723},
	url = {https://www.nature.com/articles/s41467-018-02832-w},
	doi = {10.1038/s41467-018-02832-w},
	abstract = {B and T cell receptor diversity can be studied by high-throughput immune receptor sequencing. Here, the authors develop a software tool, IGoR, that calculates the likelihoods of potential V(D)J recombination and somatic hypermutation scenarios from raw immune sequence reads.},
	number = {1},
	urldate = {2018-02-13},
	journal = {Nature Communications},
	author = {Marcou, Quentin and Mora, Thierry and Walczak, Aleksandra M.},
	month = feb,
	year = {2018},
	pages = {561},
}

@article{wysocki1989conversion,
	title = {Gene {Conversion} and the {Generation} of {Antibody} {Diversity}},
	volume = {58},
	number = {1},
	journal = {Annual Review of Biochemistry},
	author = {Wysocki, L J and Gefter, M L},
	year = {1989},
	pages = {509--527},
}

@article{patel2018aid,
	title = {Diversity of {Immunoglobulin} ({Ig}) {Isotypes} and the {Role} of {Activation}-{Induced} {Cytidine} {Deaminase} ({AID}) in {Fish}},
	issn = {1073-6085, 1559-0305},
	url = {https://link.springer.com/article/10.1007/s12033-018-0081-8},
	doi = {10.1007/s12033-018-0081-8},
	urldate = {2018-05-07},
	journal = {Molecular Biotechnology},
	author = {Patel, Bhakti and Banerjee, Rajanya and Samanta, Mrinal and Das, Surajit},
	month = apr,
	year = {2018},
	keywords = {Read},
	pages = {1--19},
}

@article{harel2015platform,
  title={A platform for rapid exploration of aging and diseases in a naturally short-lived vertebrate},
  author={Harel, Itamar and Benayoun, B{\'e}r{\'e}nice A and Machado, Ben and Singh, Param Priya and Hu, Chi-Kuo and Pech, Matthew F and Valenzano, Dario Riccardo and Zhang, Elisa and Sharp, Sabrina C and Artandi, Steven E and others},
  journal={Cell},
  volume={160},
  number={5},
  pages={1013--1026},
  year={2015},
}

@article{cellerino2016bush,
	title = {From the bush to the bench: the annual \textit{Nothobranchius} fishes as a new model system in biology},
	volume = {91},
	issn = {1469-185X},
	shorttitle = {From the bush to the bench},
	url = {http://onlinelibrary.wiley.com/doi/10.1111/brv.12183/abstract},
	doi = {10.1111/brv.12183},
	number = {2},
	urldate = {2017-06-11},
	journal = {Biological Reviews},
	author = {Cellerino, Alessandro and Valenzano, Dario R. and Reichard, Martin},
	month = may,
	year = {2016},
	pages = {511--533},
}

@article{schartl2013platyfish,
	title = {The genome of the platyfish, \textit{Xiphophorus maculatus}, provides insights into evolutionary adaptation and several complex traits},
	volume = {45},
	copyright = {2013 Nature Publishing Group},
	issn = {1546-1718},
	url = {https://www.nature.com/articles/ng.2604},
	doi = {10.1038/ng.2604},
	number = {5},
	urldate = {2019-01-15},
	journal = {Nature Genetics},
	author = {Schartl, Manfred and Walter, Ronald B. and Shen, Yingjia and Garcia, Tzintzuni and Catchen, Julian and Amores, Angel and Braasch, Ingo and Chalopin, Domitille and Volff, Jean-Nicolas and Lesch, Klaus-Peter and Bisazza, Angelo and Minx, Pat and Hillier, LaDeana and Wilson, Richard K. and Fuerstenberg, Susan and Boore, Jeffrey and Searle, Steve and Postlethwait, John H. and Warren, Wesley C.},
	month = may,
	year = {2013},
	pages = {567--572},
}

@article{yuan2018repeats,
	title = {Comparative genome analysis of 52 fish species suggests differential associations of repetitive elements with their living aquatic environments},
	volume = {19},
	issn = {1471-2164},
	url = {https://www.ncbi.nlm.nih.gov/pmc/articles/PMC5811955/},
	doi = {10.1186/s12864-018-4516-1},
	urldate = {2018-11-12},
	journal = {BMC Genomics},
	author = {Yuan, Zihao and Liu, Shikai and Zhou, Tao and Tian, Changxu and Bao, Lisui and Dunham, Rex and Liu, Zhanjiang},
	month = feb,
	year = {2018},
	pmid = {29439662},
}

@incollection{magadan2015fishrepertoires,
	title = {Unique {Features} of {Fish} {Immune} {Repertoires}: {Particularities} of {Adaptive} {Immunity} {Within} the {Largest} {Group} of {Vertebrates}},
	author = {Magadan, Susana and Sunyer, Oriol J. and Boudinot, Pierre},
	doi = {10.1007/978-3-319-20819-0_10},
	pages = {235--264},
	crossref = {hsu2015pathogen},
}

@article{miho2018computational,
	title = {Computational {Strategies} for {Dissecting} the {High}-{Dimensional} {Complexity} of {Adaptive} {Immune} {Repertoires}},
	volume = {9},
	issn = {1664-3224},
	url = {https://www.frontiersin.org/articles/10.3389/fimmu.2018.00224/full},
	doi = {10.3389/fimmu.2018.00224},
	urldate = {2018-03-12},
	journal = {Frontiers in Immunology},
	author = {Miho, Enkelejda and Yermanos, Alexander and Weber, Cédric R. and Berger, Christoph T. and Reddy, Sai T. and Greiff, Victor},
	year = {2018},
}

@article{vollmers2013consensus,
	title = {Genetic measurement of memory {B}-cell recall using antibody repertoire sequencing},
	volume = {110},
	issn = {0027-8424, 1091-6490},
	url = {http://www.pnas.org/content/110/33/13463},
	doi = {10.1073/pnas.1312146110},
	number = {33},
	urldate = {2016-10-27},
	journal = {Proceedings of the National Academy of Sciences},
	author = {Vollmers, Christopher and Sit, Rene V. and Weinstein, Joshua A. and Dekker, Cornelia L. and Quake, Stephen R.},
	month = aug,
	year = {2013},
	pmid = {23898164},
	keywords = {Read},
	pages = {13463--13468},
}

@article{zajac2013switching,
	title = {Base {Preferences} in {Non}-{Templated} {Nucleotide} {Incorporation} by {MMLV}-{Derived} {Reverse} {Transcriptases}},
	volume = {8},
	issn = {1932-6203},
	url = {https://journals.plos.org/plosone/article?id=10.1371/journal.pone.0085270},
	doi = {10.1371/journal.pone.0085270},
	number = {12},
	urldate = {2019-03-07},
	journal = {PLOS One},
	author = {Zajac, Pawel and Islam, Saiful and Hochgerner, Hannah and Lönnerberg, Peter and Linnarsson, Sten},
	month = dec,
	year = {2013},
	pages = {e85270},
}

@article{rosati2017methods,
	title = {Overview of methodologies for {T}-cell receptor repertoire analysis},
	volume = {17},
	issn = {1472-6750},
	url = {https://www.ncbi.nlm.nih.gov/pmc/articles/PMC5504616/},
	doi = {10.1186/s12896-017-0379-9},
	urldate = {2019-03-07},
	journal = {BMC Biotechnology},
	author = {Rosati, Elisa and Dowds, C Marie and Liaskou, Evaggelia and Henriksen, Eva Kristine Klemsdal and Karlsen, Tom H and Franke, Andre},
	month = jul,
	year = {2017},
	pmid = {28693542},
	pmcid = {PMC5504616},
}

@online{illumina2017diversity,
	title = {What is nucleotide diversity and why is it important?},
	year = {2017},
	author = {Illumina},
	url = {http://support.illumina.com/bulletins/2016/07/what-is-nucleotide-diversity-and-why-is-it-important.html},
	urldate = {2018-03-18}
}

@article{shlemov2017igrec,
  title={Reconstructing antibody repertoires from error-prone immunosequencing reads},
  author={Shlemov, Alexander and Bankevich, Sergey and Bzikadze, Andrey and Turchaninova, Maria A and Safonova, Yana and Pevzner, Pavel A},
  journal={The Journal of Immunology},
  volume={199},
  number={9},
  pages={3369--3380},
  year={2017},
}

@incollection{cleveland1992loess,
	title = {Local regression models},
	booktitle = {Statistical models in S},
	publisher = {Wadsworth \& Brooks/Cole},
	author = {Cleveland, WS and Grosse, E and Shyu, WM},
	year = {1992},
}

@article{desponds2016fluctuating,
	title = {Fluctuating fitness shapes the clone-size distribution of immune repertoires},
	volume = {113},
	url = {http://www.pnas.org/content/113/2/274},
	doi = {10.1073/pnas.1512977112},
	number = {2},
	urldate = {2018-09-05},
	journal = {PNAS},
	author = {Desponds, Jonathan and Mora, Thierry and Walczak, Aleksandra M.},
	month = jan,
	year = {2016},
	pmid = {26711994},
	pages = {274--279},
}

@article{mora2010mentropy,
	title = {Maximum entropy models for antibody diversity},
	volume = {107},
	issn = {0027-8424, 1091-6490},
	url = {http://www.pnas.org/content/107/12/5405},
	doi = {10.1073/pnas.1001705107},
	number = {12},
	urldate = {2018-04-12},
	journal = {PNAS},
	author = {Mora, Thierry and Walczak, Aleksandra M. and Bialek, William and Callan, Curtis G.},
	month = mar,
	year = {2010},
	pmid = {20212159},
	pages = {5405--5410},
}

@article{rosenfeld2018clonesize,
	title = {Computational {Evaluation} of {B}-{Cell} {Clone} {Sizes} in {Bulk} {Populations}},
	volume = {9},
	issn = {1664-3224},
	url = {https://www.frontiersin.org/articles/10.3389/fimmu.2018.01472/full},
	doi = {10.3389/fimmu.2018.01472},
	urldate = {2018-07-24},
	journal = {Frontiers in Immunology},
	author = {Rosenfeld, Aaron M. and Meng, Wenzhao and Chen, Dora Y. and Zhang, Bochao and Granot, Tomer and Farber, Donna L. and Hershberg, Uri and Prak, Luning and T, Eline},
	year = {2018},
}

@article{hill1973diversity,
	title = {Diversity and {Evenness}: {A} {Unifying} {Notation} and {Its} {Consequences}},
	volume = {54},
	issn = {1939-9170},
	url = {http://onlinelibrary.wiley.com/doi/10.2307/1934352/abstract},
	doi = {10.2307/1934352},
	number = {2},
	journal = {Ecology},
	author = {Hill, M. O.},
	month = mar,
	year = {1973},
	pages = {427--432},
}

@article{jost2006entropy,
	title = {Entropy and diversity},
	volume = {113},
	issn = {0030-1299},
	url = {https://onlinelibrary.wiley.com/doi/abs/10.1111/j.2006.0030-1299.14714.x},
	doi = {10.1111/j.2006.0030-1299.14714.x},
	number = {2},
	urldate = {2018-04-10},
	journal = {Oikos},
	author = {{Lou Jost}},
	month = may,
	year = {2006},
	pages = {363--375},
}

@article{gadalamaria2015tigger,
	title = {Automated analysis of high-throughput {B}-cell sequencing data reveals a high frequency of novel immunoglobulin {V} gene segment alleles},
	volume = {112},
	issn = {0027-8424, 1091-6490},
	url = {http://www.pnas.org/content/112/8/E862},
	doi = {10.1073/pnas.1417683112},
	number = {8},
	urldate = {2018-02-14},
	journal = {PNAS},
	author = {Gadala-Maria, Daniel and Yaari, Gur and Uduman, Mohamed and Kleinstein, Steven H.},
	month = feb,
	year = {2015},
	pmid = {25675496},
	pages = {E862--E870},
}

@article{corcoran2016igdiscover,
	title = {Production of individualized {V} gene databases reveals high levels of immunoglobulin genetic diversity},
	volume = {7},
	issn = {2041-1723},
	url = {https://www.nature.com/articles/ncomms13642},
	doi = {10.1038/ncomms13642},
	urldate = {2018-03-29},
	journal = {Nature Communications},
	author = {Corcoran, Martin M. and Phad, Ganesh E. and Bernat, Néstor Vázquez and Stahl-Hennig, Christiane and Sumida, Noriyuki and Persson, Mats A. A. and Martin, Marcel and Hedestam, Gunilla B. Karlsson},
	month = dec,
	year = {2016},
	pages = {13642},
}

@misc{marcou2019perscomm,
  author = "Marcou, Quentin",
  year = {2019},
  howpublished = "Personal communication"
}

@article{caruso2009immunosenescence,
	title = {Mechanisms of immunosenescence},
	volume = {6},
	url = {http://dx.doi.org/10.1186/1742-4933-6-10},
	doi = {10.1186/1742-4933-6-10},
	urldate = {2017-01-23},
	journal = {Immunity \& Ageing},
	author = {Caruso, Calogero and Buffa, Silvio and Candore, Giuseppina and Colonna-Romano, Giuseppina and Dunn-Walters, Deborah and Kipling, David and Pawelec, Graham},
	year = {2009},
	pages = {10},
	annote = {Pages 10 in PDF},
}


@article{lopezotin2013hallmarks,
	title = {The {Hallmarks} of {Aging}},
	volume = {153},
	issn = {0092-8674},
	url = {http://www.sciencedirect.com/science/article/pii/S0092867413006454},
	doi = {10.1016/j.cell.2013.05.039},
	number = {6},
	urldate = {2015-01-19},
	journal = {Cell},
	author = {López-Otín, Carlos and Blasco, Maria A. and Partridge, Linda and Serrano, Manuel and Kroemer, Guido},
	month = jun,
	year = {2013},
	pages = {1194--1217},
}

@article{friedensohn2017advanced,
	title = {Advanced {Methodologies} in {High}-{Throughput} {Sequencing} of {Immune} {Repertoires}},
	volume = {35},
	issn = {0167-7799},
	url = {http://www.sciencedirect.com/science/article/pii/S0167779916301627},
	doi = {10.1016/j.tibtech.2016.09.010},
	number = {3},
	urldate = {2017-06-30},
	journal = {Trends in Biotechnology},
	author = {Friedensohn, Simon and Khan, Tarik A. and Reddy, Sai T.},
	month = mar,
	year = {2017},
	pages = {203--214},
}

@article{peet1974diversity,
	title = {The measurement of species diversity},
	volume = {5},
	journal = {Annual Review of Ecology and Systematics},
	author = {{Robert K. Peet}},
	year = {1974},
	pages = {285--307},
}

@article{berger1970diversity,
	title = {Diversity of {Planktonic} {Foraminifera} in {Deep}-{Sea} {Sediments}},
	volume = {168},
	issn = {0036-8075, 1095-9203},
	url = {http://science.sciencemag.org/content/168/3937/1345},
	doi = {10.1126/science.168.3937.1345},
	number = {3937},
	urldate = {2018-04-23},
	journal = {Science},
	author = {Berger, Wolfgang H. and Parker, Frances L.},
	month = jun,
	year = {1970},
	pmid = {17731043},
	pages = {1345--1347},
}

@article{simpson1949diversity,
	title = {Measurement of {Diversity}},
	volume = {163},
	copyright = {1949 Nature Publishing Group},
	issn = {1476-4687},
	url = {https://www.nature.com/articles/163688a0},
	doi = {10.1038/163688a0},
	number = {4148},
	urldate = {2018-04-10},
	journal = {Nature},
	author = {Simpson, E. H.},
	month = apr,
	year = {1949},
	pages = {688},
}

@incollection{caruso2008bergerparker,
	series = {Topics in {Biodiversity} and {Conservation}},
	title = {The {Berger}–{Parker} index as an effective tool for monitoring the biodiversity of disturbed soils: a case study on {Mediterranean} oribatid ({Acari}: {Oribatida}) assemblages},
	isbn = {978-1-4020-6865-2},
	booktitle = {Biodiversity and {Conservation} in {Europe}},
	publisher = {Springer},
	author = {Caruso, Tancredi and Pigino, Gaia and Bernini, Fabio and Bargagli, Roberto and Migliorini, Massimo},
	editor = {Hawksworth, David L. and Bull, Alan T.},
	year = {2008},
	doi = {10.1007/978-1-4020-6865-2_3},
	pages = {35--43},
}

@article{shannon1948communication1,
	title = {A mathematical theory of communication},
	volume = {27},
	issn = {0005-8580},
	doi = {10.1002/j.1538-7305.1948.tb01338.x},
	number = {3},
	journal = {The Bell System Technical Journal},
	author = {Shannon, C. E.},
	month = jul,
	year = {1948},
	pages = {379--423},
}

@article{mora2016renyi,
  title={R{\'e}nyi entropy, abundance distribution, and the equivalence of ensembles},
  author={Mora, Thierry and Walczak, Aleksandra M},
  journal={Physical Review E},
  volume={93},
  number={5},
  pages={052418},
  year={2016},
}

@article{jost2007partitioning,
	title = {Partitioning diversity into independent alpha and beta components},
	volume = {88},
	issn = {0012-9658},
	url = {https://esajournals.onlinelibrary.wiley.com/doi/full/10.1890/06-1736.1},
	doi = {10.1890/06-1736.1},
	number = {10},
	urldate = {2018-04-26},
	journal = {Ecology},
	author = {{Lou Jost}},
	month = oct,
	year = {2007},
	keywords = {p1},
	pages = {2427--2439},
}
