
@article{vanzelm2006cd19,
	title = {An {Antibody}-{Deficiency} {Syndrome} {Due} to {Mutations} in the {CD}19 {Gene}},
	volume = {354},
	issn = {0028-4793},
	url = {https://doi.org/10.1056/NEJMoa051568},
	doi = {10.1056/NEJMoa051568},
	number = {18},
	urldate = {2019-03-05},
	journal = {New England Journal of Medicine},
	month = may,
	year = {2006},
	pmid = {16672701},
	pages = {1901--1912},
}

% ------------------------------------------------------------------------
% Antibody structure and function
% ------------------------------------------------------------------------

@article{boehm2011design,
	title = {Design principles of adaptive immune systems},
	volume = {11},
	copyright = {© 2011 Nature Publishing Group},
	issn = {1474-1733},
	url = {http://www.nature.com/nri/journal/v11/n5/full/nri2944.html},
	doi = {10.1038/nri2944},
	language = {en},
	number = {5},
	urldate = {2015-09-22},
	journal = {Nature Reviews Immunology},
	author = {Boehm, Thomas},
	month = may,
	year = {2011},
	keywords = {Read},
	pages = {307--317},
}

@incollection{kasahara2015vlr,
	address = {Cham},
	series = {Results and {Problems} in {Cell} {Differentiation}},
	title = {Variable {Lymphocyte} {Receptors}: {A} {Current} {Overview}},
	isbn = {978-3-319-20819-0},
	shorttitle = {Variable {Lymphocyte} {Receptors}},
	url = {https://doi.org/10.1007/978-3-319-20819-0_8},
	language = {en},
	urldate = {2019-02-26},
	booktitle = {Pathogen-{Host} {Interactions}: {Antigenic} {Variation} v. {Somatic} {Adaptations}},
	publisher = {Springer International Publishing},
	author = {Kasahara, Masanori},
	editor = {Hsu, Ellen and Du Pasquier, Louis},
	year = {2015},
	doi = {10.1007/978-3-319-20819-0_8},
	pages = {175--192},
}

@article{schroeder2010immunoglobulins,
	series = {2010 {Primer} on {Allergic} and {Immunologic} {Diseases}},
	title = {Structure and function of immunoglobulins},
	volume = {125},
	issn = {0091-6749},
	url = {http://www.sciencedirect.com/science/article/pii/S0091674909014651},
	doi = {10.1016/j.jaci.2009.09.046},
	number = {2, Supplement 2},
	urldate = {2018-12-27},
	journal = {Journal of Allergy and Clinical Immunology},
	author = {Schroeder, Harry W. and Cavacini, Lisa},
	month = feb,
	year = {2010},
	keywords = {Read, toProcess},
	pages = {S41--S52},
}


@article{mix2006immunoglobulins,
	title = {Immunoglobulins—{Basic} considerations},
	volume = {253},
	issn = {0340-5354, 1432-1459},
	url = {https://link.springer.com/article/10.1007/s00415-006-5002-2},
	doi = {10.1007/s00415-006-5002-2},
	language = {en},
	number = {5},
	urldate = {2018-03-06},
	journal = {Journal of Neurology},
	author = {Mix, Eilhard and Goertsches, Robert and Zett, Uwe K.},
	month = sep,
	year = {2006},
	keywords = {Read},
	pages = {v9--v17},
}


@article{sunyer2013fishing,
	title = {Fishing for mammalian paradigms in the teleost immune system},
	volume = {14},
	issn = {1529-2908},
	url = {http://www.nature.com/ni/journal/v14/n4/abs/ni.2549.html},
	doi = {10.1038/ni.2549},
	language = {en},
	number = {4},
	urldate = {2017-06-15},
	journal = {Nature Immunology},
	author = {Sunyer, J. Oriol},
	month = apr,
	year = {2013},
	keywords = {Read},
	pages = {320--326},
}


@article{fillatreau2013astonishing,
	title = {The astonishing diversity of {Ig} classes and {B} cell repertoires in teleost fish},
	volume = {4},
	url = {http://journal.frontiersin.org/article/10.3389/fimmu.2013.00028/full},
	doi = {10.3389/fimmu.2013.00028},
	urldate = {2016-06-06},
	journal = {B Cell Biology},
	author = {Fillatreau, Simon and Six, Adrien and Magadan, Susanna and Castro, Rosario and Sunyer, J. Oriol and Boudinot, Pierre},
	year = {2013},
	pages = {28},
}

@incollection{bengten2015fishantibodies,
	series = {Results and {Problems} in {Cell} {Differentiation}},
	title = {Antibody {Repertoires} in {Fish}},
	isbn = {978-3-319-20818-3 978-3-319-20819-0},
	url = {https://link.springer.com/chapter/10.1007/978-3-319-20819-0_9},
	language = {en},
	urldate = {2018-06-14},
	booktitle = {Pathogen-{Host} {Interactions}: {Antigenic} {Variation} v. {Somatic} {Adaptations}},
	publisher = {Springer, Cham},
	author = {Bengtén, Eva and Wilson, Melanie},
	year = {2015},
	doi = {10.1007/978-3-319-20819-0_9},
	keywords = {Read, toProcess},
	pages = {193--234},
}

@article{mashoof2016immunoglobulins,
	title = {Fish {Immunoglobulins}},
	volume = {5},
	copyright = {http://creativecommons.org/licenses/by/3.0/},
	url = {http://www.mdpi.com/2079-7737/5/4/45},
	doi = {10.3390/biology5040045},
	language = {en},
	number = {4},
	urldate = {2017-06-15},
	journal = {Biology},
	author = {Mashoof, Sara and Criscitiello, Michael F.},
	month = nov,
	year = {2016},
	keywords = {Read, toProcess},
	pages = {45},
}


@incollection{senger2015switching,
	address = {Cham},
	series = {Results and {Problems} in {Cell} {Differentiation}},
	title = {Antibody {Isotype} {Switching} in {Vertebrates}},
	isbn = {978-3-319-20819-0},
	url = {https://doi.org/10.1007/978-3-319-20819-0_13},
	language = {en},
	urldate = {2019-02-26},
	booktitle = {Pathogen-{Host} {Interactions}: {Antigenic} {Variation} v. {Somatic} {Adaptations}},
	publisher = {Springer International Publishing},
	author = {Senger, Kate and Hackney, Jason and Payandeh, Jian and Zarrin, Ali A.},
	editor = {Hsu, Ellen and Du Pasquier, Louis},
	year = {2015},
	doi = {10.1007/978-3-319-20819-0_13},
	pages = {295--324},
}


@article{bengten2006catfish,
	title = {Structure of the catfish {IGH} locus: analysis of the region including the single functional {\textless}{Emphasis} {Type}="{Italic}"{\textgreater}{IGHM}{\textless}/{Emphasis}{\textgreater} gene},
	volume = {58},
	issn = {0093-7711, 1432-1211},
	shorttitle = {Structure of the catfish {IGH} locus},
	url = {https://link.springer.com/article/10.1007/s00251-006-0139-9},
	doi = {10.1007/s00251-006-0139-9},
	language = {en},
	number = {10},
	urldate = {2018-07-04},
	journal = {Immunogenetics},
	author = {Bengtén, E. and Quiniou, S. and Hikima, J. and Waldbieser, G. and Warr, G. W. and Miller, N. W. and Wilson, M.},
	month = oct,
	year = {2006},
	pages = {831--844},
}

@article{ramirezgomez2012secretoryigd,
	title = {Discovery and {Characterization} of {Secretory} {IgD} in {Rainbow} {Trout}: {Secretory} {IgD} {Is} {Produced} through a {Novel} {Splicing} {Mechanism}},
	volume = {188},
	issn = {0022-1767, 1550-6606},
	shorttitle = {Discovery and {Characterization} of {Secretory} {IgD} in {Rainbow} {Trout}},
	url = {http://www.jimmunol.org/content/188/3/1341},
	doi = {10.4049/jimmunol.1101938},
	language = {en},
	number = {3},
	urldate = {2018-06-13},
	journal = {The Journal of Immunology},
	author = {Ramirez-Gomez, Francisco and Greene, Whitney and Rego, Katherine and Hansen, John D. and Costa, Greg and Kataria, Priti and Bromage, Erin S.},
	month = feb,
	year = {2012},
	pmid = {22205025},
	keywords = {Read},
	pages = {1341--1349},
}

@article{magadan2011medaka,
	title = {Immunoglobulin heavy chains in medaka ({Oryzias} latipes)},
	volume = {11},
	copyright = {2011 Magadán-Mompó et al; licensee BioMed Central Ltd.},
	issn = {1471-2148},
	url = {http://www.biomedcentral.com/1471-2148/11/165/abstract},
	doi = {10.1186/1471-2148-11-165},
	language = {en},
	number = {1},
	urldate = {2015-01-19},
	journal = {BMC Evolutionary Biology},
	author = {Magadán-Mompó, Susana and Sánchez-Espinel, Christian and Gambón-Deza, Francisco},
	month = jun,
	year = {2011},
	pmid = {21676244},
	pages = {165},
}

@article{bao2010stickleback,
	title = {The immunoglobulin gene loci in the teleost {Gasterosteus} aculeatus},
	volume = {28},
	issn = {1050-4648},
	url = {http://www.sciencedirect.com/science/article/pii/S1050464809003039},
	doi = {10.1016/j.fsi.2009.09.014},
	number = {1},
	urldate = {2015-01-19},
	journal = {Fish \& Shellfish Immunology},
	author = {Bao, Yonghua and Wang, Tao and Guo, Yongchen and Zhao, Zhihui and Li, Ning and Zhao, Yaofeng},
	month = jan,
	year = {2010},
	pages = {40--48},
}

@article{gambondeza2011stickleback,
	title = {Presence of an unique {IgT} on the {IGH} locus in three-spined stickleback fish ({Gasterosteus} aculeatus) and the very recent generation of a repertoire of {VH} genes},
	volume = {34},
	issn = {0145-305X},
	url = {http://www.sciencedirect.com/science/article/pii/S0145305X09001888},
	doi = {10.1016/j.dci.2009.08.011},
	number = {2},
	urldate = {2018-06-18},
	journal = {Developmental \& Comparative Immunology},
	author = {Gambón-Deza, Francisco and Sánchez-Espinel, Christian and Magadán-Mompó, Susana},
	month = feb,
	year = {2010},
	keywords = {Read},
	pages = {114--122},
}

@article{savan2005fugu,
	title = {Discovery of a new class of immunoglobulin heavy chain from fugu},
	volume = {35},
	copyright = {Copyright © 2005 WILEY‐VCH Verlag GmbH \& Co. KGaA, Weinheim},
	issn = {1521-4141},
	url = {https://onlinelibrary.wiley.com/doi/abs/10.1002/eji.200535248},
	doi = {10.1002/eji.200535248},
	language = {en},
	number = {11},
	urldate = {2018-07-04},
	journal = {European Journal of Immunology},
	author = {Savan, Ram and Aman, Azumi and Sato, Kenji and Yamaguchi, Ryoji and Sakai, Masahiro},
	year = {2005},
	pages = {3320--3331},
}

@article{zhang2010igtgut,
	title = {{IgT}, a primitive immunoglobulin class specialized in mucosal immunity},
	volume = {11},
	copyright = {© 2010 Nature Publishing Group, a division of Macmillan Publishers Limited. All Rights Reserved.},
	issn = {1529-2908},
	url = {http://www.nature.com/ni/journal/v11/n9/abs/ni.1913.html},
	doi = {10.1038/ni.1913},
	language = {en},
	number = {9},
	urldate = {2015-01-19},
	journal = {Nature Immunology},
	author = {Zhang, Yong-An and Salinas, Irene and Li, Jun and Parra, David and Bjork, Sarah and Xu, Zhen and LaPatra, Scott E. and Bartholomew, Jerri and Sunyer, J. Oriol},
	month = sep,
	year = {2010},
	keywords = {Read, groupB},
	pages = {827--835},
}

@article{xu2013igtskin,
	title = {Teleost skin, an ancient mucosal surface that elicits gut-like immune responses},
	volume = {110},
	issn = {0027-8424, 1091-6490},
	url = {https://www.pnas.org/content/110/32/13097},
	doi = {10.1073/pnas.1304319110},
	language = {en},
	number = {32},
	urldate = {2018-12-28},
	journal = {Proceedings of the National Academy of Sciences},
	author = {Xu, Zhen and Parra, David and Gómez, Daniela and Salinas, Irene and Zhang, Yong-An and Jørgensen, Louise von Gersdorff and Heinecke, Rasmus Demuth and Buchmann, Kurt and LaPatra, Scott and Sunyer, J. Oriol},
	month = aug,
	year = {2013},
	pmid = {23884653},
	keywords = {Read, toProcess},
	pages = {13097--13102},
}

% ------------------------------------------------------------------------
% PRIMARY IMMUNE DIVERSITY
% ------------------------------------------------------------------------

@incollection{jack2015evolution,
	address = {Cham},
	series = {Results and {Problems} in {Cell} {Differentiation}},
	title = {Evolution of {Immunity} and {Pathogens}},
	isbn = {978-3-319-20819-0},
	url = {https://doi.org/10.1007/978-3-319-20819-0_1},
	language = {en},
	urldate = {2019-02-27},
	booktitle = {Pathogen-{Host} {Interactions}: {Antigenic} {Variation} v. {Somatic} {Adaptations}},
	publisher = {Springer International Publishing},
	author = {Jack, Robert S.},
	editor = {Hsu, Ellen and Du Pasquier, Louis},
	year = {2015},
	doi = {10.1007/978-3-319-20819-0_1},
	pages = {1--20}
}


@article{mora2016quantifying,
	title = {Quantifying lymphocyte receptor diversity},
	url = {http://arxiv.org/abs/1604.00487},
	journal = {arXiv:1604.00487 [q-bio]},
	author = {Mora, Thierry and Walczak, Aleksandra},
	month = apr,
	year = {2016},
	note = {arXiv: 1604.00487},
	keywords = {Read},
	file = {arXiv\:1604.00487 PDF:/home/will/.zotero/zotero/trvnmvj8.default/zotero/storage/WEMV72IX/Mora and Walczak - 2016 - Quantifying lymphocyte receptor diversity.pdf:application/pdf;arXiv.org Snapshot:/home/will/.zotero/zotero/trvnmvj8.default/zotero/storage/CJAI6PCZ/1604.html:text/html}
}

@article{jung2006vdjr,
	title = {Mechanism and {Control} of {V}(d)j {Recombination} at the {Immunoglobulin} {Heavy} {Chain} {Locus}},
	volume = {24},
	url = {http://dx.doi.org/10.1146/annurev.immunol.23.021704.115830},
	doi = {10.1146/annurev.immunol.23.021704.115830},
	number = {1},
	urldate = {2017-02-02},
	journal = {Annual Review of Immunology},
	author = {{David Jung} and {Cosmas Giallourakis} and {Raul Mostoslavsky} and {Frederick W. Alt}},
	year = {2006},
	pmid = {16551259},
	keywords = {Read},
	pages = {541--570},
}

@article{schatz2011vdjr,
	title = {V({D}){J} {Recombination}: {Mechanisms} of {Initiation}},
	volume = {45},
	shorttitle = {V({D}){J} {Recombination}},
	url = {https://doi.org/10.1146/annurev-genet-110410-132552},
	doi = {10.1146/annurev-genet-110410-132552},
	number = {1},
	urldate = {2018-03-06},
	journal = {Annual Review of Genetics},
	author = {Schatz, David G. and Swanson, Patrick C.},
	year = {2011},
	pmid = {21854230},
	keywords = {p1},
	pages = {167--202},
}

@article{lefranc2003vnumbering,
	title = {{IMGT} unique numbering for immunoglobulin and {T} cell receptor variable domains and {Ig} superfamily {V}-like domains},
	volume = {27},
	issn = {0145-305X},
	url = {http://www.sciencedirect.com/science/article/pii/S0145305X02000393},
	doi = {10.1016/S0145-305X(02)00039-3},
	number = {1},
	urldate = {2018-02-27},
	journal = {Developmental \& Comparative Immunology},
	author = {Lefranc, Marie-Paule and Pommié, Christelle and Ruiz, Manuel and Giudicelli, Véronique and Foulquier, Elodie and Truong, Lisa and Thouvenin-Contet, Valérie and Lefranc, Gérard},
	month = jan,
	year = {2003},
	keywords = {groupA, Read},
	pages = {55--77},
}

@article{elhanati2015model,
	title = {Inferring processes underlying {B}-cell repertoire diversity},
	volume = {370},
	copyright = {. © 2015 The Authors. Published by the Royal Society under the terms of the Creative Commons Attribution License http://creativecommons.org/licenses/by/4.0/, which permits unrestricted use, provided the original author and source are credited.},
	issn = {0962-8436, 1471-2970},
	url = {http://rstb.royalsocietypublishing.org/content/370/1676/20140243},
	doi = {10.1098/rstb.2014.0243},
	language = {en},
	number = {1676},
	urldate = {2016-09-09},
	journal = {Phil. Trans. R. Soc. B},
	author = {Elhanati, Yuval and Sethna, Zachary and Marcou, Quentin and Callan, Curtis G. and Mora, Thierry and Walczak, Aleksandra M.},
	month = sep,
	year = {2015},
	pmid = {26194757},
	keywords = {groupA, Read},
	pages = {20140243},
}


@article{hesse1989rss,
	title = {V({D}){J} recombination: a functional definition of the joining signals.},
	volume = {3},
	issn = {0890-9369, 1549-5477},
	shorttitle = {V({D}){J} recombination},
	url = {http://genesdev.cshlp.org/content/3/7/1053},
	doi = {10.1101/gad.3.7.1053},
	language = {en},
	number = {7},
	urldate = {2019-02-28},
	journal = {Genes \& Development},
	author = {Hesse, J. E. and Lieber, M. R. and Mizuuchi, K. and Gellert, M.},
	month = jul,
	year = {1989},
	pmid = {2777075},
	pages = {1053--1061},
}


@incollection{flaherty2012chapter,
	address = {Saint Louis},
	title = {Chapter 10 - {Antibody} {Diversity}},
	isbn = {978-0-323-06947-2},
	url = {http://www.sciencedirect.com/science/article/pii/B9780323069472100100},
	urldate = {2019-02-28},
	booktitle = {Immunology for {Pharmacy}},
	publisher = {Mosby},
	editor = {Flaherty, Dennis K.},
	month = jan,
	year = {2012},
	doi = {10.1016/B978-0-323-06947-2.10010-0},
	pages = {79--86},
}


@article{lefranc2001humanheavy,
	title = {Nomenclature of the human immunoglobulin heavy ({IGH}) genes},
	volume = {18},
	issn = {0254-9670},
	doi = {10.1159/000049189},
	language = {eng},
	number = {2},
	journal = {Experimental and Clinical Immunogenetics},
	author = {Lefranc, M. P.},
	year = {2001},
	pmid = {11340299},
	keywords = {Read},
	pages = {100--116},
}


@article{ruiz1999humandj,
	title = {The {Human} {Immunoglobulin} {Heavy} {Diversity} ({IGHD}) and {Joining} ({IGHJ}) {Segments}},
	language = {en},
	journal = {Exp Clin Immunogenet},
	author = {Ruiz, Manuel and Pallarès, Nathalie and {Valérie Contet} and Barbié, Valérie and {Marie-Paule Lefranc}},
	year = {1999},
	pages = {12},
}


@article{shirai1999h3,
	title = {H3-rules: identification of {CDR}-{H}3 structures in antibodies},
	volume = {455},
	copyright = {FEBS Letters 455 (1999) 1873-3468 © 2015 Federation of European Biochemical Societies},
	issn = {1873-3468},
	shorttitle = {H3-rules},
	url = {https://febs.onlinelibrary.wiley.com/doi/abs/10.1016/S0014-5793%2899%2900821-2},
	doi = {10.1016/S0014-5793(99)00821-2},
	language = {en},
	number = {1-2},
	urldate = {2019-02-28},
	journal = {FEBS Letters},
	author = {Shirai, Hiroki and Kidera, Akinori and Nakamura, Haruki},
	year = {1999},
	pages = {188--197},
}

% ------------------------------------------------------------------------
% TELEOST LOCUS STRUCTURE
% ------------------------------------------------------------------------

@article{yasuike2010salmon,
	title = {Evolution of duplicated {IgH} loci in {Atlantic} salmon, {Salmo} salar},
	volume = {11},
	issn = {1471-2164},
	url = {https://doi.org/10.1186/1471-2164-11-486},
	doi = {10.1186/1471-2164-11-486},
	urldate = {2018-07-04},
	journal = {BMC Genomics},
	author = {Yasuike, Motoshige and de Boer, Johan and von Schalburg, Kristian R. and Cooper, Glenn A. and McKinnel, Linda and Messmer, Amber and So, Stacy and Davidson, William S. and Koop, Ben F.},
	month = sep,
	year = {2010},
	pages = {486},
	annote = {Pages 486 in PDF},
}

@article{xiao2010grasscarp,
	title = {Ig heavy chain genes and their locus in grass carp {Ctenopharyngodon} idella},
	volume = {29},
	issn = {1050-4648},
	url = {http://www.sciencedirect.com/science/article/pii/S1050464810001762},
	doi = {10.1016/j.fsi.2010.06.004},
	number = {4},
	urldate = {2019-01-07},
	journal = {Fish \& Shellfish Immunology},
	author = {Xiao, F. S. and Wang, Y. P. and Yan, W. and Chang, M. X. and Yao, W. J. and Xu, Q. Q. and Wang, X. X. and Gao, Q. and Nie, P.},
	month = oct,
	year = {2010},
	pages = {594--599},
}

@article{hansen2005trout,
	title = {Discovery of a unique {Ig} heavy-chain isotype ({IgT}) in rainbow trout: {Implications} for a distinctive {B} cell developmental pathway in teleost fish},
	volume = {102},
	copyright = {Copyright © 2005, The National Academy of Sciences},
	issn = {0027-8424, 1091-6490},
	shorttitle = {Discovery of a unique {Ig} heavy-chain isotype ({IgT}) in rainbow trout},
	url = {http://www.pnas.org/content/102/19/6919},
	doi = {10.1073/pnas.0500027102},
	language = {en},
	number = {19},
	urldate = {2018-07-04},
	journal = {Proceedings of the National Academy of Sciences},
	author = {Hansen, John D. and Landis, Eric D. and Phillips, Ruth B.},
	month = may,
	year = {2005},
	pmid = {15863615},
	pages = {6919--6924},
}

% ------------------------------------------------------------------------
% SECONDARY IMMUNE DIVERSITY
% ------------------------------------------------------------------------

@article{magor2015affinity,
	title = {Antibody {Affinity} {Maturation} in {Fishes}—{Our} {Current} {Understanding}},
	volume = {4},
	issn = {2079-7737},
	url = {https://www.ncbi.nlm.nih.gov/pmc/articles/PMC4588147/},
	doi = {10.3390/biology4030512},
	number = {3},
	urldate = {2018-12-28},
	journal = {Biology},
	author = {Magor, Brad G.},
	month = jul,
	year = {2015},
	pmid = {26264036},
	pmcid = {PMC4588147},
	keywords = {Read, toProcess},
	pages = {512--524},
}


@article{noia2007shm,
	title = {Molecular {Mechanisms} of {Antibody} {Somatic} {Hypermutation}},
	volume = {76},
	url = {https://doi.org/10.1146/annurev.biochem.76.061705.090740},
	doi = {10.1146/annurev.biochem.76.061705.090740},
	number = {1},
	urldate = {2018-03-06},
	journal = {Annual Review of Biochemistry},
	author = {Noia, Javier M. Di and Neuberger, Michael S.},
	year = {2007},
	pmid = {17328676},
	pages = {1--22},
}
% ------------------------------------------------------------------------
% IMMUNE SYSTEM AGEING
% ------------------------------------------------------------------------

@article{segre1977immunosenescence,
	title = {Age-related changes in {B} and {T} lymphocytes and decline of humoral immune responsiveness in aged mice},
	volume = {6},
	issn = {0047-6374},
	url = {http://www.sciencedirect.com/science/article/pii/0047637477900136},
	doi = {10.1016/0047-6374(77)90013-6},
	urldate = {2019-02-26},
	journal = {Mechanisms of Ageing and Development},
	author = {Segre, Diego and Segre, Mariangela},
	month = jan,
	year = {1977},
	pages = {115--129},
}

@incollection{sambhara2009vaccination,
	address = {Berlin, Heidelberg},
	series = {Current {Topics} in {Microbiology} and {Immunology}},
	title = {Immunosenescence and {Influenza} {Vaccine} {Efficacy}},
	isbn = {978-3-540-92165-3},
	url = {https://doi.org/10.1007/978-3-540-92165-3_20},
	language = {en},
	urldate = {2019-02-26},
	booktitle = {Vaccines for {Pandemic} {Influenza}},
	publisher = {Springer Berlin Heidelberg},
	author = {Sambhara, Suryaprakash and McElhaney, Janet E.},
	editor = {Compans, Richard W. and Orenstein, Walter A.},
	year = {2009},
	doi = {10.1007/978-3-540-92165-3_20},
	pages = {413--429},
}


@article{montecino2013immunosenescence,
	title = {Causes, consequences, and reversal of immune system aging},
	volume = {123},
	issn = {0021-9738},
	url = {http://www.jci.org/articles/view/64096},
	doi = {10.1172/JCI64096},
	language = {en},
	number = {3},
	urldate = {2015-01-15},
	journal = {Journal of Clinical Investigation},
	author = {Montecino-Rodriguez, Encarnacion and Berent-Maoz, Beata and Dorshkind, Kenneth},
	month = mar,
	year = {2013},
	note = {Read},
	keywords = {Read},
	pages = {958--965},
	file = {JCI - Causes, consequences, and reversal of immune system aging:/home/will/.zotero/zotero/trvnmvj8.default/zotero/storage/22QDNZNZ/64096.html:text/html;JCI64096.pdf:/home/will/.zotero/zotero/trvnmvj8.default/zotero/storage/HXWXCVSV/JCI64096.pdf:application/pdf}
}

@article{henry2019influenza,
	title = {Influenza {Virus} {Vaccination} {Elicits} {Poorly} {Adapted} {B} {Cell} {Responses} in {Elderly} {Individuals}},
	issn = {1931-3128},
	url = {http://www.sciencedirect.com/science/article/pii/S1931312819300393},
	doi = {10.1016/j.chom.2019.01.002},
	urldate = {2019-02-26},
	journal = {Cell Host \& Microbe},
	author = {Henry, Carole and Zheng, Nai-Ying and Huang, Min and Cabanov, Alexandra and Rojas, Karla Thatcher and Kaur, Kaval and Andrews, Sarah F. and Palm, Anna-Karin E. and Chen, Yao-Qing and Li, Yang and Hoskova, Katerina and Utset, Henry A. and Vieira, Marcos C. and Wrammert, Jens and Ahmed, Rafi and Holden-Wiltse, Jeanne and Topham, David J. and Treanor, John J. and Ertl, Hildegund C. and Schmader, Kenneth E. and Cobey, Sarah and Krammer, Florian and Hensley, Scott E. and Greenberg, Harry and He, Xiao-Song and Wilson, Patrick C.},
	month = feb,
	year = {2019},
}

@article{blomberg2013age,
	title = {Age effects on mouse and human {B} cells},
	volume = {57},
	issn = {0257-277X},
	url = {https://www.ncbi.nlm.nih.gov/pmc/articles/PMC5673119/},
	doi = {10.1007/s12026-013-8440-9},
	number = {1-3},
	urldate = {2019-02-26},
	journal = {Immunologic research},
	author = {Blomberg, Bonnie B. and Frasca, Daniela},
	month = dec,
	year = {2013},
	pmid = {24203437},
	pmcid = {PMC5673119},
	pages = {354--360},
}


@article{aberle2013mechanistic,
	title = {Mechanistic insights into the impairment of memory {B} cells and antibody production in the elderly},
	volume = {35},
	issn = {1574-4647},
	url = {https://doi.org/10.1007/s11357-011-9371-9},
	doi = {10.1007/s11357-011-9371-9},
	language = {en},
	number = {2},
	urldate = {2019-02-26},
	journal = {AGE},
	author = {Aberle, Judith H. and Stiasny, Karin and Kundi, Michael and Heinz, Franz X.},
	month = apr,
	year = {2013},
	pages = {371--381},
}


@article{sasaki2011limited,
	title = {Limited efficacy of inactivated influenza vaccine in elderly individuals is associated with decreased production of vaccine-specific antibodies},
	volume = {121},
	issn = {0021-9738},
	url = {https://www.jci.org/articles/view/57834},
	doi = {10.1172/JCI57834},
	language = {en},
	number = {8},
	urldate = {2019-02-26},
	journal = {The Journal of Clinical Investigation},
	author = {Sasaki, Sanae and Sullivan, Meghan and Narvaez, Carlos F. and Holmes, Tyson H. and Furman, David and Zheng, Nai-Ying and Nishtala, Madhuri and Wrammert, Jens and Smith, Kenneth and James, Judith A. and Dekker, Cornelia L. and Davis, Mark M. and Wilson, Patrick C. and Greenberg, Harry B. and He, Xiao-Song},
	month = aug,
	year = {2011},
	pmid = {21785218},
	pages = {3109--3119},
	file = {Full Text PDF:/home/will/.zotero/zotero/trvnmvj8.default/zotero/storage/4Y4JALSF/Sasaki et al. - 2011 - Limited efficacy of inactivated influenza vaccine .pdf:application/pdf}
}


@article{mehr2011reversing,
	title = {Reversing {B} cell aging},
	volume = {3},
	issn = {1945-4589},
	url = {https://www.ncbi.nlm.nih.gov/pmc/articles/PMC3117459/},
	number = {4},
	urldate = {2019-02-26},
	journal = {Aging (Albany NY)},
	author = {Mehr, Ramit and Melamed, Doron},
	month = mar,
	year = {2011},
	pmid = {21483035},
	pmcid = {PMC3117459},
	pages = {438--443},
}


@article{kogut2012bcells,
	series = {Aging of the {Immune} {System}},
	title = {B cell maintenance and function in aging},
	volume = {24},
	issn = {1044-5323},
	url = {http://www.sciencedirect.com/science/article/pii/S1044532312000437},
	doi = {10.1016/j.smim.2012.04.004},
	number = {5},
	urldate = {2019-02-26},
	journal = {Seminars in Immunology},
	author = {Kogut, Igor and Scholz, Jean L. and Cancro, Michael P. and Cambier, John C.},
	month = oct,
	year = {2012},
	pages = {342--349},
}


@article{frasca2011age,
	title = {Age effects on {B} cells and humoral immunity in humans},
	volume = {10},
	issn = {1568-1637},
	url = {https://www.ncbi.nlm.nih.gov/pmc/articles/PMC3040253/},
	doi = {10.1016/j.arr.2010.08.004},
	number = {3},
	urldate = {2019-02-26},
	journal = {Ageing research reviews},
	author = {Frasca, Daniela and Diaz, Alain and Romero, Maria and Landin, Ana Marie and Blomberg, Bonnie B},
	month = jul,
	year = {2011},
	pmid = {20728581},
	pmcid = {PMC3040253},
	pages = {330--335},
}


@article{dunnwalters2010bcellageing,
	series = {Host pathogens ● {Immune} senescence},
	title = {B cell repertoire and ageing},
	volume = {22},
	issn = {0952-7915},
	url = {http://www.sciencedirect.com/science/article/pii/S0952791510000737},
	doi = {10.1016/j.coi.2010.04.009},
	number = {4},
	urldate = {2019-02-26},
	journal = {Current Opinion in Immunology},
	author = {Dunn-Walters, Deborah K and Ademokun, Alexander A},
	month = aug,
	year = {2010},
	pages = {514--520},
}


@article{ademokun2010ageing,
	title = {The ageing {B} cell population: {Composition} and function},
	volume = {11},
	issn = {1573-6768},
	shorttitle = {The ageing {B} cell population},
	url = {https://doi.org/10.1007/s10522-009-9256-9},
	doi = {10.1007/s10522-009-9256-9},
	language = {en},
	number = {2},
	urldate = {2019-02-26},
	journal = {Biogerontology},
	author = {Ademokun, Alexander and Wu, Yu-Chang and Dunn-Walters, Deborah},
	month = apr,
	year = {2010},
	pages = {125--137},
}


@article{siegrist2009extremes,
	title = {B-cell responses to vaccination at the extremes of age},
	volume = {9},
	copyright = {© 2009 Nature Publishing Group},
	issn = {1474-1733},
	url = {http://www.nature.com/nri/journal/v9/n3/full/nri2508.html},
	doi = {10.1038/nri2508},
	language = {en},
	number = {3},
	urldate = {2017-01-23},
	journal = {Nature Reviews Immunology},
	author = {Siegrist, Claire-Anne and Aspinall, Richard},
	month = mar,
	year = {2009},
	keywords = {pHigh},
	pages = {185--194},
}

@article{gibson2009spectratyping,
	title = {B-cell diversity decreases in old age and is correlated with poor health status},
	volume = {8},
	copyright = {© 2009 The Authors. Journal compilation © Blackwell Publishing Ltd/Anatomical Society of Great Britain and Ireland 2009},
	issn = {1474-9726},
	url = {http://onlinelibrary.wiley.com/doi/10.1111/j.1474-9726.2008.00443.x/abstract},
	doi = {10.1111/j.1474-9726.2008.00443.x},
	language = {en},
	number = {1},
	urldate = {2015-03-26},
	journal = {Aging Cell},
	author = {Gibson, Kate L. and Wu, Yu-Chang and Barnett, Yvonne and Duggan, Orla and Vaughan, Robert and Kondeatis, Elli and Nilsson, Bengt-Olof and Wikby, Anders and Kipling, David and Dunn-Walters, Deborah K.},
	month = feb,
	year = {2009},
	keywords = {Read},
	pages = {18--25},
}


@article{speziali2009specific,
	title = {Specific immune responses but not basal functions of {B} and {T} cells are impaired in aged mice},
	volume = {256},
	issn = {0008-8749},
	url = {http://www.sciencedirect.com/science/article/pii/S0008874909000069},
	doi = {10.1016/j.cellimm.2009.01.010},
	number = {1},
	urldate = {2019-02-27},
	journal = {Cellular Immunology},
	author = {Speziali, E. and Santiago, A. F. and Fernandes, R. M. and Vaz, N. M. and Menezes, J. S. and Faria, A. M. C.},
	month = jan,
	year = {2009},
	pages = {1--5},
}

@article{caruso2009immunosenescence,
	title = {Mechanisms of immunosenescence},
	volume = {6},
	issn = {1742-4933},
	url = {http://dx.doi.org/10.1186/1742-4933-6-10},
	doi = {10.1186/1742-4933-6-10},
	urldate = {2017-01-23},
	journal = {Immunity \& Ageing},
	author = {Caruso, Calogero and Buffa, Silvio and Candore, Giuseppina and Colonna-Romano, Giuseppina and Dunn-Walters, Deborah and Kipling, David and Pawelec, Graham},
	year = {2009},
	keywords = {pHigh},
	pages = {10},
	annote = {Pages 10 in PDF},
}

@article{frasca2009ageing,
	title = {Effects of aging on {B} cell function},
	volume = {21},
	issn = {0952-7915},
	url = {https://www.ncbi.nlm.nih.gov/pmc/articles/PMC2853364/},
	doi = {10.1016/j.coi.2009.06.001},
	number = {4},
	urldate = {2019-02-26},
	journal = {Current opinion in immunology},
	author = {Frasca, Daniela and Blomberg, Bonnie B.},
	month = aug,
	year = {2009},
	pmid = {19608393},
	pmcid = {PMC2853364},
	keywords = {Processed},
	pages = {425--430},
}


@article{labrie2004bone,
	title = {Bone {Marrow} {Microenvironmental} {Changes} {Underlie} {Reduced} {RAG}-mediated {Recombination} and {B} {Cell} {Generation} in {Aged} {Mice}},
	volume = {200},
	copyright = {© 2004 Rockefeller University Press},
	issn = {0022-1007, 1540-9538},
	url = {http://jem.rupress.org/content/200/4/411},
	doi = {10.1084/jem.20040845},
	language = {en},
	number = {4},
	urldate = {2019-03-03},
	journal = {Journal of Experimental Medicine},
	author = {Labrie, Joseph E. and Sah, Alex P. and Allman, David M. and Cancro, Michael P. and Gerstein, Rachel M.},
	month = aug,
	year = {2004},
	pmid = {15314072},
	pages = {411--423},
}

@article{howard2006quality,
	title = {Antibody {Quality} in {Old} {Age}},
	volume = {9},
	issn = {1549-1684},
	url = {http://online.liebertpub.com/doi/abs/10.1089/rej.2006.9.117},
	doi = {10.1089/rej.2006.9.117},
	number = {1},
	urldate = {2017-01-23},
	journal = {Rejuvenation Research},
	author = {Howard, Wendy A. and Gibson, Kate L. and Dunn-Walters, Deborah K.},
	month = mar,
	year = {2006},
	keywords = {Read},
	pages = {117--125},
}

@article{jiang2013vaccine,
	title = {Lineage {Structure} of the {Human} {Antibody} {Repertoire} in {Response} to {Influenza} {Vaccination}},
	volume = {5},
	issn = {1946-6234, 1946-6242},
	url = {http://stm.sciencemag.org/content/scitransmed/5/171/171ra19.full.html},
	doi = {10.1126/scitranslmed.3004794},
	language = {en},
	number = {171},
	urldate = {2015-01-19},
	journal = {Science Translational Medicine},
	author = {Jiang, N. and He, J. and Weinstein, J. A. and Penland, L. and Sasaki, S. and He, X.-S. and Dekker, C. L. and Zheng, N.-Y. and Huang, M. and Sullivan, M. and Wilson, P. C. and Greenberg, H. B. and Davis, M. M. and Fisher, D. S. and Quake, S. R.},
	month = feb,
	year = {2013},
	note = {Read},
	keywords = {groupA, Read},
	pages = {171ra19--171ra19},
}

@article{wang2014ageing,
	title = {Effects of {Aging}, {Cytomegalovirus} {Infection}, and {EBV} {Infection} on {Human} {B} {Cell} {Repertoires}},
	volume = {192},
	issn = {0022-1767, 1550-6606},
	url = {http://www.jimmunol.org/content/192/2/603},
	doi = {10.4049/jimmunol.1301384},
	language = {en},
	number = {2},
	urldate = {2016-12-07},
	journal = {The Journal of Immunology},
	author = {Wang, Chen and Liu, Yi and Xu, Lan T. and Jackson, Katherine J. L. and Roskin, Krishna M. and Pham, Tho D. and Laserson, Jonathan and Marshall, Eleanor L. and Seo, Katie and Lee, Ji-Yeun and Furman, David and Koller, Daphne and Dekker, Cornelia L. and Davis, Mark M. and Fire, Andrew Z. and Boyd, Scott D.},
	month = jan,
	year = {2014},
	pmid = {24337376},
	pages = {603--611},
}

@article{debourcy2017ageing,
	title = {Phylogenetic analysis of the human antibody repertoire reveals quantitative signatures of immune senescence and aging},
	volume = {114},
	copyright = {©  . http://www.pnas.org/site/misc/userlicense.xhtml},
	issn = {0027-8424, 1091-6490},
	url = {http://www.pnas.org/content/114/5/1105},
	doi = {10.1073/pnas.1617959114},
	language = {en},
	number = {5},
	urldate = {2018-02-14},
	journal = {Proceedings of the National Academy of Sciences},
	author = {de Bourcy, Charles F. A. and Angel, Cesar J. Lopez and Vollmers, Christopher and Dekker, Cornelia L. and Davis, Mark M. and Quake, Stephen R.},
	month = jan,
	year = {2017},
	pmid = {28096374},
	pages = {1105--1110},
}

@article{tabibiankeissar2016ageing,
	title = {Aging affects {B}-cell antigen receptor repertoire diversity in primary and secondary lymphoid tissues},
	volume = {46},
	issn = {1521-4141},
	url = {http://onlinelibrary.wiley.com/doi/10.1002/eji.201545586/abstract},
	doi = {10.1002/eji.201545586},
	language = {en},
	number = {2},
	urldate = {2016-12-23},
	journal = {European Journal of Immunology},
	author = {Tabibian-Keissar, Hilla and Hazanov, Lena and Schiby, Ginette and Rosenthal, Noemie and Rakovsky, Aviya and Michaeli, Miri and Shahaf, Gitit Lavy and Pickman, Yishai and Rosenblatt, Kinneret and Melamed, Doron and Dunn-Walters, Deborah and Mehr, Ramit and Barshack, Iris},
	month = feb,
	year = {2016},
	pages = {480--492},
}

% Teleost IgSeq studies

@article{jiang2011determinism,
	title = {Determinism and stochasticity during maturation of the zebrafish antibody repertoire},
	volume = {108},
	issn = {1091-6490},
	doi = {10.1073/pnas.1014277108},
	language = {eng},
	number = {13},
	journal = {Proceedings of the National Academy of Sciences of the United States of America},
	author = {Jiang, Ning and Weinstein, Joshua A. and Penland, Lolita and White, Richard A. and Fisher, Daniel S. and Quake, Stephen R.},
	month = mar,
	year = {2011},
	pages = {5348--5353},
}

@article{weinstein2009igseq,
	title = {High-{Throughput} {Sequencing} of the {Zebrafish} {Antibody} {Repertoire}},
	volume = {324},
	issn = {0036-8075, 1095-9203},
	url = {http://www.sciencemag.org/content/324/5928/807},
	doi = {10.1126/science.1170020},
	language = {en},
	number = {5928},
	urldate = {2015-01-19},
	journal = {Science},
	author = {Weinstein, Joshua A. and Jiang, Ning and White, Richard A. and Quake, Stephen R.},
	translator = {Fisher, Daniel S.},
	month = may,
	year = {2009},
	pmid = {19423829},
	pages = {807--810},
}


@article{krasnov2017igseq,
	title = {Ig-seq: {Deep} sequencing of the variable region of {Atlantic} salmon {IgM} heavy chain transcripts},
	volume = {88},
	issn = {0161-5890},
	shorttitle = {Ig-seq},
	url = {http://www.sciencedirect.com/science/article/pii/S0161589017301955},
	doi = {10.1016/j.molimm.2017.06.022},
	number = {Supplement C},
	urldate = {2017-12-12},
	journal = {Molecular Immunology},
	author = {Krasnov, Aleksei and Jørgensen, Sven Martin and Afanasyev, Sergey},
	month = aug,
	year = {2017},
	pages = {99--105},
}

@article{lund2019salmon,
	title = {A time-course study of gene expression and antibody repertoire at early time post vaccination of {Atlantic} salmon},
	volume = {106},
	issn = {0161-5890},
	url = {http://www.sciencedirect.com/science/article/pii/S0161589018307600},
	doi = {10.1016/j.molimm.2018.12.018},
	urldate = {2019-01-04},
	journal = {Molecular Immunology},
	author = {Lund, Hege and Bakke, Anne Flore and Sommerset, Ingunn and Afanasyev, Sergey and Schriwer, Geir and Thorisdottir, Audur and Boysen, Preben and Krasnov, Aleksei},
	month = feb,
	year = {2019},
	pages = {99--107},
}

@article{fu2018fugu,
	title = {High-{Throughput} {Sequencing} of the {Expressed} {Torafugu} ({Takifugu} rubripes) {Antibody} {Sequences} {Distinguishes} {IgM} and {IgT} {Repertoires} and {Reveals} {Evidence} of {Convergent} {Evolution}},
	volume = {9},
	issn = {1664-3224},
	url = {https://www.frontiersin.org/articles/10.3389/fimmu.2018.00251/full},
	doi = {10.3389/fimmu.2018.00251},
	language = {English},
	urldate = {2018-03-12},
	journal = {Frontiers in Immunology},
	author = {Fu, Xi and Sun, Jianqiang and Tan, Engkong and Shimizu, Kentaro and Reza, Md Shaheed and Watabe, Shugo and Asakawa, Shuichi},
	year = {2018},
}

% Median lifespans of other species

@book{bowler1977longevity,
  title={Longevity of reptiles and amphibians in North American collections as of 1 November, 1975},
  author={Bowler, J Kevin},
  year={1977},
  publisher={Society for the Study of Amphibians and Reptiles}
}


@article{gerhard2002zebrafish,
	title = {Life spans and senescent phenotypes in two strains of {Zebrafish} ({Danio} rerio)},
	volume = {37},
	issn = {0531-5565},
	url = {http://www.sciencedirect.com/science/article/pii/S0531556502000888},
	doi = {10.1016/S0531-5565(02)00088-8},
	number = {8},
	urldate = {2019-03-04},
	journal = {Experimental Gerontology},
	author = {Gerhard, Glenn S and Kauffman, Elizabeth J and Wang, Xujun and Stewart, Richard and Moore, Jessica L and Kasales, Claudia J and Demidenko, Eugene and Cheng, Keith C},
	month = aug,
	year = {2002},
	pages = {1055--1068},
}


@article{yuan2009aging,
	title = {Aging in inbred strains of mice: study design and interim report on median lifespans and circulating {IGF}1 levels},
	volume = {8},
	issn = {1474-9718},
	shorttitle = {Aging in inbred strains of mice},
	url = {https://www.ncbi.nlm.nih.gov/pmc/articles/PMC2768517/},
	doi = {10.1111/j.1474-9726.2009.00478.x},
	number = {3},
	urldate = {2019-03-04},
	journal = {Aging cell},
	author = {Yuan, Rong and Tsaih, Shirng-Wern and Petkova, Stefka B. and de Evsikova, Caralina Marin and Xing, Shuqin and Marion, Michael A. and Bogue, Molly A. and Mills, Kevin D. and Peters, Luanne L. and Bult, Carol J. and Rosen, Clifford J. and Sundberg, John P. and Harrison, David E. and Churchill, Gary A. and Paigen, Beverly},
	month = jun,
	year = {2009},
	pmid = {19627267},
	pmcid = {PMC2768517},
	pages = {277--287},
}
% ------------------------------------------------------------------------
% TURQUOISE KILLIFISH BACKGROUND
% ------------------------------------------------------------------------

@article{jubb1971new,
  title={A new Nothobranchius (Pisces, Cyprinodontidae) from Southeastern Rhodesia},
  author={Jubb, RA},
  journal={Journal of the American Killifish Association},
  volume={8},
  number={12},
  pages={314--321},
  year={1971},
}


@article{valdesalici2003lifespan,
	title = {Extremely short lifespan in the annual fish {Nothobranchius} furzeri},
	volume = {270},
	issn = {0962-8452, 1471-2954},
	url = {http://rspb.royalsocietypublishing.org/content/270/Suppl_2/S189},
	doi = {10.1098/rsbl.2003.0048},
	language = {en},
	number = {Suppl 2},
	urldate = {2017-06-11},
	journal = {Proceedings of the Royal Society of London B: Biological Sciences},
	author = {Valdesalici, Stefano and Cellerino, Alessandro},
	month = nov,
	year = {2003},
	pmid = {14667379},
	keywords = {pHigh, Keep, Printed},
	pages = {S189--S191},
}

@article{genade2005annual,
	title = {Annual fishes of the genus {Nothobranchius} as a model system for aging research},
	volume = {4},
	issn = {1474-9726},
	url = {http://onlinelibrary.wiley.com/doi/10.1111/j.1474-9726.2005.00165.x/abstract},
	doi = {10.1111/j.1474-9726.2005.00165.x},
	language = {en},
	number = {5},
	urldate = {2018-01-22},
	journal = {Aging Cell},
	author = {Genade, Tyrone and Benedetti, Mauro and Terzibasi, Eva and Roncaglia, Paola and Valenzano, Dario Riccardo and Cattaneo, Antonino and Cellerino, Alessandro},
	month = oct,
	year = {2005},
	keywords = {Printed, Read},
	pages = {223--233},
}


@article{valenzano2006resveratrol1,
	title = {Resveratrol {Prolongs} {Lifespan} and {Retards} the {Onset} of {Age}-{Related} {Markers} in a {Short}-{Lived} {Vertebrate}},
	volume = {16},
	issn = {0960-9822},
	url = {http://www.sciencedirect.com/science/article/pii/S0960982206010207},
	doi = {10.1016/j.cub.2005.12.038},
	number = {3},
	urldate = {2018-01-22},
	journal = {Current Biology},
	author = {Valenzano, Dario R. and Terzibasi, Eva and Genade, Tyrone and Cattaneo, Antonino and Domenici, Luciano and Cellerino, Alessandro},
	month = feb,
	year = {2006},
	keywords = {Read, Printed},
	pages = {296--300},
}

@article{valenzano2006resveratrol2,
	title = {Resveratrol and the {Pharmacology} of {Aging}: {A} {New} {Vertebrate} {Model} to {Validate} an {Old} {Molecule}},
	volume = {5},
	issn = {1538-4101},
	shorttitle = {Resveratrol and the {Pharmacology} of {Aging}},
	url = {https://doi.org/10.4161/cc.5.10.2739},
	doi = {10.4161/cc.5.10.2739},
	number = {10},
	urldate = {2018-01-22},
	journal = {Cell Cycle},
	author = {Valenzano, Dario Riccardo and Cellerino, Alessandro},
	month = may,
	year = {2006},
	pmid = {16687936},
	pages = {1027--1032}
	}

@article{terzibasi_large_2008,
	title = {Large {Differences} in {Aging} {Phenotype} between {Strains} of the {Short}-{Lived} {Annual} {Fish} {Nothobranchius} furzeri},
	volume = {3},
	issn = {1932-6203},
	url = {http://journals.plos.org/plosone/article?id=10.1371/journal.pone.0003866},
	doi = {10.1371/journal.pone.0003866},
	number = {12},
	urldate = {2017-06-11},
	journal = {PLOS ONE},
	author = {Terzibasi, Eva and Valenzano, Dario Riccardo and Benedetti, Mauro and Roncaglia, Paola and Cattaneo, Antonino and Domenici, Luciano and Cellerino, Alessandro},
	month = dec,
	year = {2008},
	pages = {e3866},
}


@article{valenzano2006temperature,
	title = {Temperature affects longevity and age-related locomotor and cognitive decay in the short-lived fish {Nothobranchius} furzeri},
	volume = {5},
	issn = {1474-9726},
	url = {http://onlinelibrary.wiley.com/doi/10.1111/j.1474-9726.2006.00212.x/abstract},
	doi = {10.1111/j.1474-9726.2006.00212.x},
	language = {en},
	number = {3},
	urldate = {2018-01-22},
	journal = {Aging Cell},
	author = {Valenzano, Dario R. and Terzibasi, Eva and Cattaneo, Antonino and Domenici, Luciano and Cellerino, Alessandro},
	month = jun,
	year = {2006},
	keywords = {Printed},
	pages = {275--278},
}


@article{terzibasi2007review,
	series = {Proceedings of the eighth international symposium on the neurobiology and neuroendocrinology of aging},
	title = {The short-lived fish {Nothobranchius} furzeri as a new model system for aging studies},
	volume = {42},
	issn = {0531-5565},
	url = {http://www.sciencedirect.com/science/article/pii/S0531556506002130},
	doi = {10.1016/j.exger.2006.06.039},
	number = {1},
	urldate = {2018-01-29},
	journal = {Experimental Gerontology},
	author = {Terzibasi, Eva and Valenzano, Dario Riccardo and Cellerino, Alessandro},
	month = jan,
	year = {2007},
	pages = {81--89},
}


@article{terzibasi2008strains,
	title = {Large {Differences} in {Aging} {Phenotype} between {Strains} of the {Short}-{Lived} {Annual} {Fish} {Nothobranchius} furzeri},
	volume = {3},
	issn = {1932-6203},
	url = {http://journals.plos.org/plosone/article?id=10.1371/journal.pone.0003866},
	doi = {10.1371/journal.pone.0003866},
	number = {12},
	urldate = {2017-06-11},
	journal = {PLOS ONE},
	author = {Terzibasi, Eva and Valenzano, Dario Riccardo and Benedetti, Mauro and Roncaglia, Paola and Cattaneo, Antonino and Domenici, Luciano and Cellerino, Alessandro},
	month = dec,
	year = {2008},
	keywords = {Read, Printed},
	pages = {e3866},
}


@article{reichwald2009genome,
	title = {High tandem repeat content in the genome of the short-lived annual fish {Nothobranchius} furzeri: a new vertebrate model for aging research},
	volume = {10},
	issn = {1474-760X},
	shorttitle = {High tandem repeat content in the genome of the short-lived annual fish {Nothobranchius} furzeri},
	url = {https://doi.org/10.1186/gb-2009-10-2-r16},
	doi = {10.1186/gb-2009-10-2-r16},
	urldate = {2018-01-29},
	journal = {Genome Biology},
	author = {Reichwald, Kathrin and Lauber, Chris and Nanda, Indrajit and Kirschner, Jeanette and Hartmann, Nils and Schories, Susanne and Gausmann, Ulrike and Taudien, Stefan and Schilhabel, Markus B. and Szafranski, Karol and Glöckner, Gernot and Schmid, Michael and Cellerino, Alessandro and Schartl, Manfred and Englert, Christoph and Platzer, Matthias},
	month = feb,
	year = {2009},
	pages = {R16},
}

@article{terzibasi2009dr,
	title = {Effects of dietary restriction on mortality and age-related phenotypes in the short-lived fish {Nothobranchius} furzeri},
	volume = {8},
	issn = {1474-9726},
	url = {http://onlinelibrary.wiley.com/doi/10.1111/j.1474-9726.2009.00455.x/abstract},
	doi = {10.1111/j.1474-9726.2009.00455.x},
	language = {en},
	number = {2},
	urldate = {2018-01-29},
	journal = {Aging Cell},
	author = {Terzibasi, Eva and Lefrançois, Christel and Domenici, Paolo and Hartmann, Nils and Graf, Michael and Cellerino, Alessandro},
	month = apr,
	year = {2009},
	pages = {88--99},
}


@article{hartmann2009telomeres,
	title = {Telomeres shorten while {Tert} expression increases during ageing of the short-lived fish {Nothobranchius} furzeri},
	volume = {130},
	issn = {0047-6374},
	url = {http://www.sciencedirect.com/science/article/pii/S0047637409000086},
	doi = {10.1016/j.mad.2009.01.003},
	number = {5},
	urldate = {2018-01-29},
	journal = {Mechanisms of Ageing and Development},
	author = {Hartmann, Nils and Reichwald, Kathrin and Lechel, André and Graf, Michael and Kirschner, Jeanette and Dorn, Alexander and Terzibasi, Eva and Wellner, Juliane and Platzer, Matthias and Rudolph, Karl Lenhard and Cellerino, Alessandro and Englert, Christoph},
	month = may,
	year = {2009},
	pages = {290--296},
}

@article{valenzano2009map,
	title = {Mapping {Loci} {Associated} {With} {Tail} {Color} and {Sex} {Determination} in the {Short}-{Lived} {Fish} {Nothobranchius} furzeri},
	volume = {183},
	copyright = {Copyright © 2009 by the Genetics Society of America},
	issn = {0016-6731, 1943-2631},
	url = {http://www.genetics.org/content/183/4/1385},
	doi = {10.1534/genetics.109.108670},
	language = {en},
	number = {4},
	urldate = {2018-02-07},
	journal = {Genetics},
	author = {Valenzano, Dario Riccardo and Kirschner, Jeanette and Kamber, Roarke A. and Zhang, Elisa and Weber, David and Cellerino, Alessandro and Englert, Christoph and Platzer, Matthias and Reichwald, Kathrin and Brunet, Anne},
	month = dec,
	year = {2009},
	pmid = {19786620},
	keywords = {Read, Printed},
	pages = {1385--1395},
}


@article{dicicco2011histopathology,
	title = {The short-lived annual fish {Nothobranchius} furzeri shows a typical teleost aging process reinforced by high incidence of age-dependent neoplasias},
	volume = {46},
	issn = {0531-5565},
	url = {http://www.sciencedirect.com/science/article/pii/S0531556510003864},
	doi = {10.1016/j.exger.2010.10.011},
	number = {4},
	urldate = {2017-02-10},
	journal = {Experimental Gerontology},
	author = {Di Cicco, Emiliano and Tozzini, Eva Terzibasi and Rossi, Giacomo and Cellerino, Alessandro},
	month = apr,
	year = {2011},
	pages = {249--256},
}

@article{hartmann2011mitochondria,
	title = {Mitochondrial {DNA} copy number and function decrease with age in the short-lived fish {Nothobranchius} furzeri},
	volume = {10},
	issn = {1474-9726},
	url = {http://onlinelibrary.wiley.com/doi/10.1111/j.1474-9726.2011.00723.x/abstract},
	doi = {10.1111/j.1474-9726.2011.00723.x},
	language = {en},
	number = {5},
	urldate = {2018-02-05},
	journal = {Aging Cell},
	author = {Hartmann, Nils and Reichwald, Kathrin and Wittig, Ilka and Dröse, Stefan and Schmeisser, Sebastian and Lück, Claudia and Hahn, Christin and Graf, Michael and Gausmann, Ulrike and Terzibasi, Eva and Cellerino, Alessandro and Ristow, Michael and Brandt, Ulrich and Platzer, Matthias and Englert, Christoph},
	month = oct,
	year = {2011},
	keywords = {Read, Printed},
	pages = {824--831},
}

@article{valenzano2011tol2,
	title = {Transposon-{Mediated} {Transgenesis} in the {Short}-{Lived} {African} {Killifish} {Nothobranchius} furzeri, a {Vertebrate} {Model} for {Aging}},
	volume = {1},
	issn = {2160-1836},
	url = {http://www.g3journal.org/content/1/7/531},
	doi = {10.1534/g3.111.001271},
	language = {en},
	number = {7},
	urldate = {2018-02-05},
	journal = {G3: Genes, Genomes, Genetics},
	author = {Valenzano, Dario Riccardo and Sharp, Sabrina and Brunet, Anne},
	month = dec,
	year = {2011},
	pmid = {22384364},
	pages = {531--538},
}

@article{hartmann2012tol2,
	title = {A microinjection protocol for the generation of transgenic killifish ({Species}: {Nothobranchius} furzeri)},
	volume = {241},
	issn = {1097-0177},
	shorttitle = {A microinjection protocol for the generation of transgenic killifish ({Species}},
	url = {http://onlinelibrary.wiley.com/doi/10.1002/dvdy.23789/abstract},
	doi = {10.1002/dvdy.23789},
	language = {en},
	number = {6},
	urldate = {2018-02-05},
	journal = {Developmental Dynamics},
	author = {Hartmann, Nils and Englert, Christoph},
	month = jun,
	year = {2012},
	keywords = {Read, Printed},
	pages = {1133--1141},
}

@article{kirschner2012map,
	title = {Mapping of quantitative trait loci controlling lifespan in the short-lived fish {Nothobranchius} furzeri– a new vertebrate model for age research},
	volume = {11},
	issn = {1474-9726},
	url = {http://onlinelibrary.wiley.com/doi/10.1111/j.1474-9726.2011.00780.x/abstract},
	doi = {10.1111/j.1474-9726.2011.00780.x},
	language = {en},
	number = {2},
	urldate = {2017-06-11},
	journal = {Aging Cell},
	author = {Kirschner, Jeanette and Weber, David and Neuschl, Christina and Franke, Andre and Böttger, Marco and Zielke, Lea and Powalsky, Eileen and Groth, Marco and Shagin, Dmitry and Petzold, Andreas and Hartmann, Nils and Englert, Christoph and Brockmann, Gudrun A. and Platzer, Matthias and Cellerino, Alessandro and Reichwald, Kathrin},
	month = apr,
	year = {2012},
	pages = {252--261},
}

@article{allard2013inducible,
	title = {Inducible transgenic expression in the short-lived fish {Nothobranchius} furzeri},
	volume = {82},
	issn = {1095-8649},
	url = {http://onlinelibrary.wiley.com/doi/10.1111/jfb.12099/abstract},
	doi = {10.1111/jfb.12099},
	language = {en},
	number = {5},
	urldate = {2018-02-05},
	journal = {Journal of Fish Biology},
	author = {Allard, J. B. and Kamei, H. and Duan, C.},
	month = may,
	year = {2013},
	pages = {1733--1738},
}


@article{petzold2013transcriptome,
	title = {The transcript catalogue of the short-lived fish {Nothobranchius} furzeriprovides insights into age-dependent changes of {mRNA} levels},
	volume = {14},
	issn = {1471-2164},
	url = {http://dx.doi.org/10.1186/1471-2164-14-185},
	doi = {10.1186/1471-2164-14-185},
	urldate = {2017-02-10},
	journal = {BMC Genomics},
	author = {Petzold, Andreas and Reichwald, Kathrin and Groth, Marco and Taudien, Stefan and Hartmann, Nils and Priebe, Steffen and Shagin, Dmitry and Englert, Christoph and Platzer, Matthias},
	year = {2013},
	pages = {185},
}


@article{harel2015crispr,
	title = {A {Platform} for {Rapid} {Exploration} of {Aging} and {Diseases} in a {Naturally} {Short}-{Lived} {Vertebrate}},
	issn = {0092-8674},
	url = {http://www.sciencedirect.com/science/article/pii/S0092867415001166},
	doi = {10.1016/j.cell.2015.01.038},
	urldate = {2015-02-23},
	journal = {Cell},
	author = {Harel, Itamar and Benayoun, Bérénice A. and Machado, Ben and Singh, Param Priya and Hu, Chi-Kuo and Pech, Matthew F. and Valenzano, Dario Riccardo and Zhang, Elisa and Sharp, Sabrina C. and Artandi, Steven E. and Brunet, Anne},
	year = {2015},
}

@article{harel2016crispr,
	title = {Efficient genome engineering approaches for the short-lived {African} turquoise killifish},
	volume = {11},
	copyright = {2016 Nature Publishing Group},
	issn = {1750-2799},
	url = {https://www.nature.com/articles/nprot.2016.103},
	doi = {10.1038/nprot.2016.103},
	language = {en},
	number = {10},
	urldate = {2018-02-05},
	journal = {Nature Protocols},
	author = {Harel, Itamar and Valenzano, Dario Riccardo and Brunet, Anne},
	month = oct,
	year = {2016},
	pages = {2010--2028},
}

% -----------------------------------------------------------------------
% Nothobranchius furzeri genomes
% -----------------------------------------------------------------------


@article{reichwald2015genome,
	title = {Insights into {Sex} {Chromosome} {Evolution} and {Aging} from the {Genome} of a {Short}-{Lived} {Fish}},
	volume = {163},
	issn = {0092-8674, 1097-4172},
	url = {http://www.cell.com/cell/abstract/S0092-8674(15)01427-0},
	doi = {10.1016/j.cell.2015.10.071},
	language = {English},
	number = {6},
	urldate = {2017-02-10},
	journal = {Cell},
	author = {Reichwald, Kathrin and Petzold, Andreas and Koch, Philipp and Downie, Bryan R. and Hartmann, Nils and Pietsch, Stefan and Baumgart, Mario and Chalopin, Domitille and Felder, Marius and Bens, Martin and Sahm, Arne and Szafranski, Karol and Taudien, Stefan and Groth, Marco and Arisi, Ivan and Weise, Anja and Bhatt, Samarth S. and Sharma, Virag and Kraus, Johann M. and Schmid, Florian and Priebe, Steffen and Liehr, Thomas and Görlach, Matthias and Than, Manuel E. and Hiller, Michael and Kestler, Hans A. and Volff, Jean-Nicolas and Schartl, Manfred and Cellerino, Alessandro and Englert, Christoph and Platzer, Matthias},
	month = dec,
	year = {2015},
	pmid = {26638077},
	pages = {1527--1538},
}

@article{valenzano2015genome,
	title = {The {African} {Turquoise} {Killifish} {Genome} {Provides} {Insights} into {Evolution} and {Genetic} {Architecture} of {Lifespan}},
	volume = {163},
	issn = {0092-8674, 1097-4172},
	url = {http://www.cell.com/cell/abstract/S0092-8674(15)01488-9},
	doi = {10.1016/j.cell.2015.11.008},
	language = {English},
	number = {6},
	urldate = {2017-02-10},
	journal = {Cell},
	author = {Valenzano, Dario Riccardo and Benayoun, Bérénice A. and Singh, Param Priya and Zhang, Elisa and Etter, Paul D. and Hu, Chi-Kuo and Clément-Ziza, Mathieu and Willemsen, David and Cui, Rongfeng and Harel, Itamar and Machado, Ben E. and Yee, Muh-Ching and Sharp, Sabrina C. and Bustamante, Carlos D. and Beyer, Andreas and Johnson, Eric A. and Brunet, Anne},
	month = dec,
	year = {2015},
	pmid = {26638078},
	pages = {1539--1554},
}

@article{willemsen2019popgen,
	author = {Willemsen, David and Cui, Rongfeng and Reichard, Martin and Valenzano, Dario Riccardo},
	year = "in preparation",
}
