%#############################################################################%
% THESIS REFERENCES, PART 2: MATERIALS AND METHODS                            %
%#############################################################################%

% -----------------------------------------------------------------------------
% 1. Husbandry methods
% -----------------------------------------------------------------------------

@article{dodzian2018husbandry,
	title = {A {Protocol} for {Laboratory} {Housing} of {Turquoise} {Killifish} ({Nothobranchius} furzeri)},
	doi = {10.3791/57073},
	number = {134},
	urldate = {2019-01-28},
	journal = {Journal of Visualized Experiments : JoVE},
	author = {Dodzian, Joanna and Kean, Sam and Seidel, Jens and Valenzano, Dario Riccardo},
	month = apr,
	year = {2018},
}

@article{smith2017microbiota,
	title = {Regulation of life span by the gut microbiota in the short-lived {African} turquoise killifish},
	volume = {6},
	url = {https://elifesciences.org/articles/27014},
	doi = {10.7554/eLife.27014},
	urldate = {2018-02-05},
	journal = {eLife},
	author = {Smith, Patrick and Willemsen, David and Popkes, Miriam and Metge, Franziska and Gandiwa, Edson and Reichard, Martin and Valenzano, Dario Riccardo},
	month = aug,
	year = {2017},
	pages = {e27014},
}

@article{carter2011tricaine,
	title = {A review of tricaine methanesulfonate for anesthesia of fish},
	volume = {21},
	url = {https://doi.org/10.1007/s11160-010-9188-0},
	doi = {10.1007/s11160-010-9188-0},
	number = {1},
	urldate = {2019-01-28},
	journal = {Reviews in Fish Biology and Fisheries},
	author = {Carter, Kathleen M. and Woodley, Christa M. and Brown, Richard S.},
	month = mar,
	year = {2011},
	pages = {51--59},
}

% -----------------------------------------------------------------------------
% 2. Wetlab methods
% -----------------------------------------------------------------------------

% PCR
@incollection{paul2010hotstartpcr,
	address = {Totowa, NJ},
	series = {Methods in {Molecular} {Biology}},
	title = {Hot {Start} {PCR}},
	urldate = {2019-02-24},
	booktitle = {{RT}-{PCR} {Protocols}: {Second} {Edition}},
	publisher = {Humana Press},
	author = {Paul, Natasha and Shum, Jonathan and Le, Tony},
	editor = {King, Nicola},
	year = {2010},
	doi = {10.1007/978-1-60761-629-0_19},
	pages = {301--318},
}

% SPRI
@article{lennon2010cleanup,
	title = {A scalable, fully automated process for construction of sequence-ready barcoded libraries for 454},
	volume = {11},
	url = {https://www.ncbi.nlm.nih.gov/pmc/articles/PMC2872875/},
	doi = {10.1186/gb-2010-11-2-r15},
	number = {2},
	urldate = {2019-02-24},
	journal = {Genome Biology},
	author = {Lennon, Niall J and Lintner, Robert E and Anderson, Scott and Alvarez, Pablo and Barry, Andrew and Brockman, William and Daza, Riza and Erlich, Rachel L and Giannoukos, Georgia and Green, Lisa and Hollinger, Andrew and Hoover, Cindi A and Jaffe, David B and Juhn, Frank and McCarthy, Danielle and Perrin, Danielle and Ponchner, Karen and Powers, Taryn L and Rizzolo, Kamran and Robbins, Dana and Ryan, Elizabeth and Russ, Carsten and Sparrow, Todd and Stalker, John and Steelman, Scott and Weiand, Michael and Zimmer, Andrew and Henn, Matthew R and Nusbaum, Chad and Nicol, Robert},
	year = {2010},
	pmid = {20137071},
	pmcid = {PMC2872875},
	pages = {R15},
}

@article{fisher2011cleanup,
	title = {A scalable, fully automated process for construction of sequence-ready human exome targeted capture libraries},
	volume = {12},
	url = {https://www.ncbi.nlm.nih.gov/pmc/articles/PMC3091298/},
	doi = {10.1186/gb-2011-12-1-r1},
	number = {1},
	urldate = {2019-02-24},
	journal = {Genome Biology},
	author = {Fisher, Sheila and Barry, Andrew and Abreu, Justin and Minie, Brian and Nolan, Jillian and Delorey, Toni M and Young, Geneva and Fennell, Timothy J and Allen, Alexander and Ambrogio, Lauren and Berlin, Aaron M and Blumenstiel, Brendan and Cibulskis, Kristian and Friedrich, Dennis and Johnson, Ryan and Juhn, Frank and Reilly, Brian and Shammas, Ramy and Stalker, John and Sykes, Sean M and Thompson, Jon and Walsh, John and Zimmer, Andrew and Zwirko, Zac and Gabriel, Stacey and Nicol, Robert and Nusbaum, Chad},
	year = {2011},
	pmid = {21205303},
	pmcid = {PMC3091298},
	pages = {R1},
}

@article{hawkins1994spri,
	title = {{DNA} purification and isolation using a solid-phase},
	volume = {22},
	url = {https://academic.oup.com/nar/article/22/21/4543/1102413},
	doi = {10.1093/nar/22.21.4543},
	number = {21},
	urldate = {2019-02-24},
	journal = {Nucleic Acids Research},
	author = {Hawkins, Trevor L. and O‘Connor-Morin, Tarra and Roy, Aparna and Santillan, Cynthia},
	month = oct,
	year = {1994},
	pages = {4543--4544},
}

@article{deangelis1995spri,
	title = {Solid-phase reversible immobilization for the isolation of {PCR} products.},
	volume = {23},
	url = {http://europepmc.org/abstract/MED/8524672},
	doi = {10.1093/nar/23.22.4742},
	number = {22},
	urldate = {2019-02-24},
	journal = {Nucleic acids research},
	author = {DeAngelis, M. M. and Wang, D. G. and Hawkins, T. L.},
	month = nov,
	year = {1995},
	pages = {4742--4743},
}

% Phenol-chloroform extraction

@manual{zumbo2012phenolchloroform,
	title = {Phenol-chloroform extraction},
    organization = {Weill Cornell Medical College},
	url = {http://physiology.med.cornell.edu/faculty/mason/lab/zumbo/files/PHENOL-CHLOROFORM.pdf},
	urldate = {2019-03-17},
	author = {Zumbo, Paul},
	pages = {7},
	year = {2012},
}

% Ethanol precipitation
@manual{zumbo2012ethanol,
	title = {Ethonal precipitation},
    organization = {Weill Cornell Medical College},
	url = {http://physiology.med.cornell.edu/faculty/mason/lab/zumbo/files/ETHANOL_PRECIPITATION.pdf},
	urldate = {2019-03-17},
	author = {Zumbo, Paul},
	pages = {7},
	year = {2012},
}

% TRIzol extraction

@article{chomczynski2006trizol,
	title = {The single-step method of {RNA} isolation by acid guanidinium thiocyanate–phenol–chloroform extraction: twenty-something years on},
	volume = {1},
	copyright = {2006 Nature Publishing Group},
	issn = {1750-2799},
	shorttitle = {The single-step method of {RNA} isolation by acid guanidinium thiocyanate–phenol–chloroform extraction},
	url = {https://www.nature.com/articles/nprot.2006.83},
	doi = {10.1038/nprot.2006.83},
	language = {en},
	number = {2},
	urldate = {2019-03-17},
	journal = {Nature Protocols},
	author = {Chomczynski, Piotr and Sacchi, Nicoletta},
	month = aug,
	year = {2006},
	pages = {581--585},
}

% BluePippin size selection

@manual{sage2016bluepippin,
  title = {{BluePippin} {DNA} {Size} {Selection} {System} {Operations} {Manual}},
  author       = {Alain Magloire}, 
  organization = {Sage Science Inc.},
  year         = 2016,
  note         = {Accessed: 2019-02-24}
}


% BAC isolation

@article{birnboim1979alkalinelysis,
	title = {A rapid alkaline extraction procedure for screening recombinant plasmid {DNA}.},
	volume = {7},
	issn = {0305-1048},
	url = {https://www.ncbi.nlm.nih.gov/pmc/articles/PMC342324/},
	abstract = {A procedure for extracting plasmid DNA from bacterial cells is described. The method is simple enough to permit the analysis by gel electrophoresis of 100 or more clones per day yet yields plasmid DNA which is pure enough to be digestible by restriction enzymes. The principle of the method is selective alkaline denaturation of high molecular weight chromosomal DNA while covalently closed circular DNA remains double-stranded. Adequate pH control is accomplished without using a pH meter. Upon neutralization, chromosomal DNA renatures to form an insoluble clot, leaving plasmid DNA in the supernatant. Large and small plasmid DNAs have been extracted by this method.},
	number = {6},
	urldate = {2019-03-17},
	journal = {Nucleic Acids Research},
	author = {Birnboim, H C and Doly, J},
	month = nov,
	year = {1979},
	pmid = {388356},
	pmcid = {PMC342324},
	pages = {1513--1523}
}
% IgSeq library preparation

@article{turchaninova2016igprep,
	title = {High-quality full-length immunoglobulin profiling with unique molecular barcoding},
	volume = {11},
	url = {https://www.nature.com/nprot/journal/v11/n9/full/nprot.2016.093.html},
	doi = {10.1038/nprot.2016.093},
	number = {9},
	urldate = {2017-07-10},
	journal = {Nature Protocols},
	author = {Turchaninova, M. A. and Davydov, A. and Britanova, O. V. and Shugay, M. and Bikos, V. and Egorov, E. S. and Kirgizova, V. I. and Merzlyak, E. M. and Staroverov, D. B. and Bolotin, D. A. and Mamedov, I. Z. and Izraelson, M. and Logacheva, M. D. and Kladova, O. and Plevova, K. and Pospisilova, S. and Chudakov, D. M.},
	month = sep,
	year = {2016},
	pages = {1599--1616},
}

@manual{illumina2018adapters,
  title        = {Illumina {Adapter} {Sequences} (1000000002694)},
  organization = {Illumina},
  version      = 9,
  year         = 2018,
}

% -----------------------------------------------------------------------------
% 3. Computational methods
% -----------------------------------------------------------------------------

% File formats and databases

@article{stein2010generic,
  title={Generic feature format version 3},
  author={Stein, Lincoln},
  journal={Sequence Ontology Project},
  pages={1--18},
  year={2010}
}

% GNU grep

@manual{grep,
  title        = {GNU Grep 3.0},
  author       = {Alain Magloire et al.}, 
  organization = {Free Software Foundation, Inc},
  version      = 3.0,
  month        = 1,
  year         = 2017,
  note         = {Accessed: 2018-11-30}
}


% Snakemake

@article{koster2012snakemake,
	title = {Snakemake—a scalable bioinformatics workflow engine},
	volume = {28},
	url = {https://academic.oup.com/bioinformatics/article/28/19/2520/290322},
	doi = {10.1093/bioinformatics/bts480},
	number = {19},
	urldate = {2018-04-13},
	journal = {Bioinformatics},
	author = {Köster, Johannes and Rahmann, Sven},
	month = oct,
	year = {2012},
	pages = {2520--2522},
}

% Exhaustive alignment algorithms

@article{needleman1970alignment,
	title = {A general method applicable to the search for similarities in the amino acid sequence of two proteins},
	volume = {48},
	url = {http://www.sciencedirect.com/science/article/pii/0022283670900574},
	doi = {10.1016/0022-2836(70)90057-4},
	number = {3},
	urldate = {2016-05-24},
	journal = {Journal of Molecular Biology},
	author = {Needleman, Saul B. and Wunsch, Christian D.},
	month = mar,
	year = {1970},
	pages = {443--453},
}

@article{waterman1981alignment,
	title = {Identification of common molecular subsequences},
	volume = {147},
	url = {http://www.sciencedirect.com/science/article/pii/0022283681900875},
	doi = {10.1016/0022-2836(81)90087-5},
	number = {1},
	urldate = {2017-05-25},
	journal = {Journal of Molecular Biology},
	author = {Smith, T. F. and Waterman, M. S.},
	month = mar,
	year = {1981},
	pages = {195--197},
}
% Bioconductor packages

@article{huber2015bioconductor,
    author = {W. Huber and V. J. Carey and R. Gentleman and S. Anders and M. Carlson and B. S. Carvalho and H. C. Bravo and S. Davis and L. Gatto and T. Girke and R. Gottardo and F. Hahne and K. D. Hansen and R. A. Irizarry and M. Lawrence and M. I. Love and J. MacDonald and V. Obenchain and A. K. {Ole's} and H. {Pag{\`e}es} and A. Reyes and P. Shannon and G. K. Smyth and D. Tenenbaum and L. Waldron and M. Morgan},
    title = {{O}rchestrating high-throughput genomic analysis with {B}ioconductor},
    journal = {Nature Methods},
    year = {2015},
    volume = {12},
    number = {2},
    pages = {115--121},
    url = {http://www.nature.com/nmeth/journal/v12/n2/full/nmeth.3252.html},
  }

@manual{pages2017biostrings,
  title={Biostrings: Efficient manipulation of biological strings},
  author={Pag{\`e}s, H and Aboyoun, P and Gentleman, R and DebRoy, S},
  year={2017},
  note = {R package version 2.0},
}

@manual{pages2018bsgenome,
    title = {BSgenome: Software infrastructure for efficient representation of full
genomes and their SNPs},
    author = {Pag{\`e}s, H},
    year = {2018},
    note = {R package version 1.50.0},
  }

@article{lawrence2013genomicranges,
    title = {Software for Computing and Annotating Genomic Ranges},
    author = {Michael Lawrence and Wolfgang Huber and Herv\'e Pag\`es and Patrick Aboyoun and Marc Carlson and Robert Gentleman and Martin Morgan and Vincent Carey},
    year = {2013},
    journal = {{PLoS} Computational Biology},
    volume = {9},
    issue = {8},
    doi = {10.1371/journal.pcbi.1003118},
    url = {http://www.ploscompbiol.org/article/info%3Adoi%2F10.1371%2Fjournal.pcbi.1003118},
}

@manual{becker2018genbankr,
    title = {genbankr: Parsing GenBank files into semantically useful objects},
    author = {Gabriel Becker and Michael Lawrence},
    year = {2018},
    note = {R package version 1.10.0},
  }

@article{winter2017rentrez,
    title = {{rentrez}: an R package for the NCBI eUtils API},
    author = {David J. Winter},
    journal = {The R Journal},
    year = {2017},
    volume = {9},
    issue = {2},
    pages = {520--526},
  }

  @InBook{hahne2016gviz,
    author = {Florian Hahne and Robert Ivanek},
    editor = {Ewy Math{\'e} and Sean Davis},
    chapter = {Visualizing Genomic Data Using Gviz and Bioconductor},
    title = {Statistical Genomics: Methods and Protocols},
    year = {2016},
    publisher = {Springer New York},
    address = {New York, NY},
    pages = {335--351},
    doi = {10.1007/978-1-4939-3578-9_16},
    url = {http://dx.doi.org/10.1007/978-1-4939-3578-9_16},
  }

@article{guangchuang2018ggtree,
    title = {Two methods for mapping and visualizing associated data on phylogeny using ggtree.},
    author = {Guangchuang Yu and Tommy Tsan-Yuk Lam and Huachen Zhu and Yi Guan},
    year = {2018},
    journal = {Molecular Biology and Evolution},
    doi = {10.1093/molbev/msy194},
    url = {https://doi.org/10.1093/molbev/msy194}
    }

@article{paradis2018ape,
	title = {ape 5.0: an environment for modern phylogenetics and evolutionary analyses in {R}},
	volume = {35},
	shorttitle = {ape 5.0},
	url = {https://academic.oup.com/bioinformatics/article/35/3/526/5055127},
	doi = {10.1093/bioinformatics/bty633},
	number = {3},
	urldate = {2019-02-25},
	journal = {Bioinformatics},
	author = {Paradis, Emmanuel and Schliep, Klaus},
	month = feb,
	year = {2019},
	pages = {526--528}
}

@manual{guangchuang2018tidytree,
    title = {tidytree: A Tidy Tool for Phylogenetic Tree Data Manipulation},
    author = {Guangchuang Yu},
    year = {2018},
    note = {R package version 0.2.0},
    url = {https://CRAN.R-project.org/package=tidytree},
  }

@manual{wagih2017ggseqlogo,
    title = {ggseqlogo: A 'ggplot2' Extension for Drawing Publication-Ready Sequence
Logos},
    author = {Omar Wagih},
    year = {2017},
    note = {R package version 0.1},
    url = {https://CRAN.R-project.org/package=ggseqlogo},
  }

% Tidyverse

@manual{wickham2018dplyr,
    title = {dplyr: A Grammar of Data Manipulation},
    author = {Hadley Wickham and Romain François and Lionel Henry and Kirill Müller},
    year = {2018},
    note = {R package version 0.7.8},
    url = {https://CRAN.R-project.org/package=dplyr},
}

@manual{wickham2018tidyr,
    title = {tidyr: Easily Tidy Data with 'spread()' and 'gather()' Functions},
    author = {Hadley Wickham and Lionel Henry},
    year = {2018},
    note = {R package version 0.8.2},
    url = {https://CRAN.R-project.org/package=tidyr},
}

@manual{wickham2018readr,
    title = {readr: Read Rectangular Text Data},
    author = {Hadley Wickham and Jim Hester and Romain Francois},
    year = {2018},
    note = {R package version 1.2.1},
    url = {https://CRAN.R-project.org/package=readr},
}

 @manual{wickham2018stringr,
    title = {stringr: Simple, Consistent Wrappers for Common String Operations},
    author = {Hadley Wickham},
    year = {2018},
    note = {R package version 1.3.1},
    url = {https://CRAN.R-project.org/package=stringr},
}

@Book{wickham2016ggplot2,
    author = {Hadley Wickham},
    title = {ggplot2: Elegant Graphics for Data Analysis},
    publisher = {Springer-Verlag New York},
    year = {2016},
    url = {http://ggplot2.org},
}

% Core R

@manual{rcore2018rcore,
    title = {R: A Language and Environment for Statistical Computing},
    author = {{R Core Team}},
    organization = {R Foundation for Statistical Computing},
    address = {Vienna, Austria},
    year = {2018},
    url = {https://www.R-project.org/},
}

% BAC Assembly Pipeline

@article{bolger2014trimmomatic,
	title = {Trimmomatic: a flexible trimmer for {Illumina} sequence data},
	volume = {30},
	shorttitle = {Trimmomatic},
	url = {https://academic.oup.com/bioinformatics/article/30/15/2114/2390096},
	doi = {10.1093/bioinformatics/btu170},
	number = {15},
	urldate = {2018-05-24},
	journal = {Bioinformatics},
	author = {Bolger, Anthony M. and Lohse, Marc and Usadel, Bjoern},
	month = aug,
	year = {2014},
	pages = {2114--2120},
}


@article{langmead2012bowtie2,
	title = {Fast gapped-read alignment with {Bowtie} 2},
	volume = {9},
	copyright = {2012 Nature Publishing Group},
	url = {https://www.nature.com/articles/nmeth.1923},
	doi = {10.1038/nmeth.1923},
	number = {4},
	urldate = {2018-05-28},
	journal = {Nature Methods},
	author = {Langmead, Ben and Salzberg, Steven L.},
	month = apr,
	year = {2012},
	pages = {357--359},
}

@article{marcais2015quorum,
	title = {{QuorUM}: {An} {Error} {Corrector} for {Illumina} {Reads}},
	volume = {10},
	shorttitle = {{QuorUM}},
	url = {http://dx.doi.org/10.1371/journal.pone.0130821},
	doi = {10.1371/journal.pone.0130821},
	number = {6},
	urldate = {2015-08-27},
	journal = {PLoS ONE},
	author = {Marçais, Guillaume and Yorke, James A. and Zimin, Aleksey},
	month = jun,
	year = {2015},
	pages = {e0130821},
}

@article{bankevich2012spades,
	title = {{SPAdes}: {A} {New} {Genome} {Assembly} {Algorithm} and {Its} {Applications} to {Single}-{Cell} {Sequencing}},
	volume = {19},
	shorttitle = {{SPAdes}},
	url = {http://online.liebertpub.com/doi/abs/10.1089/cmb.2012.0021},
	doi = {10.1089/cmb.2012.0021},
	number = {5},
	urldate = {2015-06-25},
	journal = {Journal of Computational Biology},
	author = {Bankevich, Anton and Nurk, Sergey and Antipov, Dmitry and Gurevich, Alexey A. and Dvorkin, Mikhail and Kulikov, Alexander S. and Lesin, Valery M. and Nikolenko, Sergey I. and Pham, Son and Prjibelski, Andrey D. and Pyshkin, Alexey V. and Sirotkin, Alexander V. and Vyahhi, Nikolay and Tesler, Glenn and Alekseyev, Max A. and Pevzner, Pavel A.},
	month = apr,
	year = {2012},
	pages = {455--477},
}


@article{nikolenko2013bayeshammer,
	title = {{BayesHammer}: {Bayesian} clustering for error correction in single-cell sequencing},
	volume = {14},
	copyright = {2013 Nikolenko et al.; licensee BioMed Central Ltd.},
	shorttitle = {{BayesHammer}},
	url = {http://www.biomedcentral.com/1471-2164/14/S1/S7/abstract},
	doi = {10.1186/1471-2164-14-S1-S7},
	number = {Suppl 1},
	urldate = {2015-08-17},
	journal = {BMC Genomics},
	author = {Nikolenko, Sergey I. and Korobeynikov, Anton I. and Alekseyev, Max A.},
	month = jan,
	year = {2013},
	pmid = {23368723},
	pages = {S7},
}

@article{altschul1990blast,
	title = {Basic local alignment search tool},
	volume = {215},
	url = {http://www.sciencedirect.com/science/article/pii/S0022283605803602},
	doi = {10.1016/S0022-2836(05)80360-2},
	number = {3},
	urldate = {2015-07-29},
	journal = {Journal of Molecular Biology},
	author = {Altschul, Stephen F. and Gish, Warren and Miller, Webb and Myers, Eugene W. and Lipman, David J.},
	month = oct,
	year = {1990},
	pages = {403--410},
}

@article{altschul1997blast,
	title = {Gapped {BLAST} and {PSI}-{BLAST}: a new generation of protein database search programs},
	volume = {25},
	shorttitle = {Gapped {BLAST} and {PSI}-{BLAST}},
	url = {https://academic.oup.com/nar/article/25/17/3389/1061651},
	doi = {10.1093/nar/25.17.3389},
	number = {17},
	urldate = {2018-11-30},
	journal = {Nucleic Acids Research},
	author = {Altschul, Stephen F. and Madden, Thomas L. and Schäffer, Alejandro A. and Zhang, Jinghui and Zhang, Zheng and Miller, Webb and Lipman, David J.},
	month = sep,
	year = {1997},
	pages = {3389--3402},
}

@article{boetzer2011sspace,
	title = {Scaffolding pre-assembled contigs using {SSPACE}},
	volume = {27},
	url = {http://bioinformatics.oxfordjournals.org/content/27/4/578},
	doi = {10.1093/bioinformatics/btq683},
	number = {4},
	urldate = {2015-07-27},
	journal = {Bioinformatics},
	author = {Boetzer, Marten and Henkel, Christiaan V. and Jansen, Hans J. and Butler, Derek and Pirovano, Walter},
	month = feb,
	year = {2011},
	pmid = {21149342},
	pages = {578--579},
}


@article{untergasser2012primer3,
	title = {Primer3—new capabilities and interfaces},
	volume = {40},
	url = {http://www.ncbi.nlm.nih.gov/pmc/articles/PMC3424584/},
	doi = {10.1093/nar/gks596},
	number = {15},
	urldate = {2015-10-29},
	journal = {Nucleic Acids Research},
	author = {Untergasser, Andreas and Cutcutache, Ioana and Koressaar, Triinu and Ye, Jian and Faircloth, Brant C. and Remm, Maido and Rozen, Steven G.},
	month = aug,
	year = {2012},
	pmid = {22730293},
	pmcid = {PMC3424584},
	pages = {e115},
}

% Obtaining V/D/J/C sequence databases from teleost reference species

@article{danilova2005zebrafish,
	title = {The immunoglobulin heavy-chain locus in zebrafish: identification and expression of a previously unknown isotype, immunoglobulin {Z}},
	volume = {6},
	copyright = {© 2005 Nature Publishing Group},
	shorttitle = {The immunoglobulin heavy-chain locus in zebrafish},
	url = {http://www.nature.com/ni/journal/v6/n3/full/ni1166.html#f1},
	doi = {10.1038/ni1166},
	number = {3},
	urldate = {2015-10-12},
	journal = {Nature Immunology},
	author = {Danilova, Nadia and Bussmann, Jeroen and Jekosch, Kerstin and Steiner, Lisa A.},
	month = mar,
	year = {2005},
	pages = {295--302},
}

@article{gertz2006tblastn,
	title = {Composition-based statistics and translated nucleotide searches: {Improving} the {TBLASTN} module of {BLAST}},
	volume = {4},
	shorttitle = {Composition-based statistics and translated nucleotide searches},
	url = {https://www.ncbi.nlm.nih.gov/pmc/articles/PMC1779365/},
	doi = {10.1186/1741-7007-4-41},
	urldate = {2018-11-30},
	journal = {BMC Biology},
	author = {Gertz, E Michael and Yu, Yi-Kuo and Agarwala, Richa and Schäffer, Alejandro A and Altschul, Stephen F},
	month = dec,
	year = {2006},
	pmid = {17156431},
	pmcid = {PMC1779365},
	pages = {41},
}

% PRANK

@incollection{loytynoja2014prank,
    address = {Totowa, NJ},
    series = {Methods in {Molecular} {Biology}},
    title = {Phylogeny-aware alignment with {PRANK}},
    url = {https://doi.org/10.1007/978-1-62703-646-7_10},
    urldate = {2018-11-30},
    booktitle = {Multiple {Sequence} {Alignment} {Methods}},
    publisher = {Humana Press},
    author = {L\"{o}ytynoja, Ari},
    editor = {Russell, David J},
    year = {2014},
    doi = {10.1007/978-1-62703-646-7_10},
    pages = {155--170},
}

% NHMMER

@article{wheeler2013nhmmer,
	title = {nhmmer: {DNA} homology search with profile {HMMs}},
	volume = {29},
	shorttitle = {nhmmer},
	url = {https://academic.oup.com/bioinformatics/article/29/19/2487/186765},
	doi = {10.1093/bioinformatics/btt403},
	number = {19},
	urldate = {2018-07-16},
	journal = {Bioinformatics},
	author = {Wheeler, Travis J. and Eddy, Sean R.},
	month = oct,
	year = {2013},
	pages = {2487--2489},
}

@article{eddy2011hmm,
	title = {Accelerated {Profile} {HMM} {Searches}},
	volume = {7},
	url = {http://journals.plos.org/ploscompbiol/article?id=10.1371/journal.pcbi.1002195},
	doi = {10.1371/journal.pcbi.1002195},
	number = {10},
	urldate = {2018-07-16},
	journal = {PLOS Computational Biology},
	author = {Eddy, Sean R.},
	month = oct,
	year = {2011},
	pages = {e1002195},
}

@incollection{eddy2009homology,
	title = {A new generation of homology search tools based on probabilistic inference},
	url = {https://www.worldscientific.com/doi/abs/10.1142/9781848165632_0019},
	urldate = {2018-07-16},
	booktitle = {Genome {Informatics} 2009},
	publisher = {PUBLISHED BY IMPERIAL COLLEGE PRESS AND DISTRIBUTED BY WORLD SCIENTIFIC PUBLISHING CO.},
	author = {Eddy, Sean R.},
	month = oct,
	year = {2009},
	doi = {10.1142/9781848165632_0019},
	pages = {205--211},
}

@article{eddy2008alignment,
	title = {A {Probabilistic} {Model} of {Local} {Sequence} {Alignment} {That} {Simplifies} {Statistical} {Significance} {Estimation}},
	volume = {4},
	url = {https://journals.plos.org/ploscompbiol/article?id=10.1371/journal.pcbi.1000069},
	doi = {10.1371/journal.pcbi.1000069},
	number = {5},
	urldate = {2018-11-30},
	journal = {PLOS Computational Biology},
	author = {Eddy, Sean R.},
	month = may,
	year = {2008},
	pages = {e1000069},
}

% IMGT/DomainGapAlign and IMGT Unique Numbering

@article{lefranc2003vnumbering,
	title = {{IMGT} unique numbering for immunoglobulin and {T} cell receptor variable domains and {Ig} superfamily {V}-like domains},
	volume = {27},
	url = {http://www.sciencedirect.com/science/article/pii/S0145305X02000393},
	doi = {10.1016/S0145-305X(02)00039-3},
	number = {1},
	urldate = {2018-02-27},
	journal = {Developmental \& Comparative Immunology},
	author = {Lefranc, Marie-Paule and Pommié, Christelle and Ruiz, Manuel and Giudicelli, Véronique and Foulquier, Elodie and Truong, Lisa and Thouvenin-Contet, Valérie and Lefranc, Gérard},
	month = jan,
	year = {2003},
	pages = {55--77},
}

@article{ehrenmann2011domaingapalign,
	title = {{IMGT}/{DomainGapAlign}: {IMGT} {Standardized} {Analysis} of {Amino} {Acid} {Sequences} of {Variable}, {Constant}, and {Groove} {Domains} ({IG}, {TR}, {MH}, {IgSF}, {MhSF})},
	volume = {2011},
	shorttitle = {{IMGT}/{DomainGapAlign}},
	url = {http://cshprotocols.cshlp.org/content/2011/6/pdb.prot5636},
	doi = {10.1101/pdb.prot5636},
	number = {6},
	urldate = {2018-11-30},
	journal = {Cold Spring Harbor Protocols},
	author = {Ehrenmann, François and Lefranc, Marie-Paule},
	month = jun,
	year = {2011},
	pmid = {21632775},
	pages = {pdb.prot5636},
}


@article{lefranc2014immunoglobulins,
	title = {Immunoglobulins: 25 {Years} of {Immunoinformatics} and {IMGT}-{ONTOLOGY}},
	volume = {4},
	shorttitle = {Immunoglobulins},
	url = {https://www.ncbi.nlm.nih.gov/pmc/articles/PMC4279172/},
	doi = {10.3390/biom4041102},
	number = {4},
	urldate = {2018-11-30},
	journal = {Biomolecules},
	author = {Lefranc, Marie-Paule},
	month = dec,
	year = {2014},
	pmid = {25521638},
	pmcid = {PMC4279172},
	pages = {1102--1139}
}

% IgBLAST

@misc{ye2013igblast,
	title = {{IgBLAST}: an immunoglobulin variable domain sequence analysis tool},
	url = {http://nar.oxfordjournals.org/content/41/W1/W34.long},
	urldate = {2016-11-05},
	author = {Ye, Jian and Ma, Ning and Madden, Thomas L. and Ostell, James M.},
	month = may,
	year = {2013},
}

% EMBOSS (FUZZNUC)

@article{rice2000emboss,
	title = {{EMBOSS}: {The} {European} {Molecular} {Biology} {Open} {Software} {Suite}},
	volume = {16},
	shorttitle = {{EMBOSS}},
	url = {http://www.sciencedirect.com/science/article/pii/S0168952500020242},
	doi = {10.1016/S0168-9525(00)02024-2},
	number = {6},
	urldate = {2018-11-30},
	journal = {Trends in Genetics},
	author = {Rice, Peter and Longden, Ian and Bleasby, Alan},
	month = jun,
	year = {2000},
	pages = {276--277},
}

% STAR

@article{dobin2013star,
	title = {{STAR}: ultrafast universal {RNA}-seq aligner},
	volume = {29},
	shorttitle = {{STAR}},
	url = {https://www.ncbi.nlm.nih.gov/pmc/articles/PMC3530905/},
	doi = {10.1093/bioinformatics/bts635},
	number = {1},
	urldate = {2018-11-30},
	journal = {Bioinformatics},
	author = {Dobin, Alexander and Davis, Carrie A. and Schlesinger, Felix and Drenkow, Jorg and Zaleski, Chris and Jha, Sonali and Batut, Philippe and Chaisson, Mark and Gingeras, Thomas R.},
	month = jan,
	year = {2013},
	pmid = {23104886},
	pmcid = {PMC3530905},
	pages = {15--21},
}

% RepeatMasker

@misc{smith2016repeatmasker,
  title={RepeatMasker Open-4.0.(2013-2015)},
  author={Smith, AFA and Hubley, R and Green, P},
  year={2016}
}


% SAMtools

@article{li2009samtools,
	title = {The {Sequence} {Alignment}/{Map} format and {SAMtools}},
	volume = {25},
	doi = {10.1093/bioinformatics/btp352},
	number = {16},
	journal = {Bioinformatics (Oxford, England)},
	author = {Li, Heng and Handsaker, Bob and Wysoker, Alec and Fennell, Tim and Ruan, Jue and Homer, Nils and Marth, Gabor and Abecasis, Goncalo and Durbin, Richard and {1000 Genome Project Data Processing Subgroup}},
	month = aug,
	year = {2009},
	pmid = {19505943},
	pmcid = {PMC2723002},
	pages = {2078--2079},
}


% IGV

@article{robinson2011igv,
	title = {Integrative genomics viewer},
	volume = {29},
	copyright = {2011 Nature Publishing Group},
	url = {https://www.nature.com/articles/nbt.1754},
	doi = {10.1038/nbt.1754},
	urldate = {2019-01-21},
	journal = {Nature Biotechnology},
	author = {Robinson, James T. and Thorvaldsdóttir, Helga and Winckler, Wendy and Guttman, Mitchell and Lander, Eric S. and Getz, Gad and Mesirov, Jill P.},
	month = jan,
	year = {2011},
	pages = {24--26},
}

@article{thorvaldsdottir2013igv,
	title = {Integrative {Genomics} {Viewer} ({IGV}): high-performance genomics data visualization and exploration},
	volume = {14},
	shorttitle = {Integrative {Genomics} {Viewer} ({IGV})},
	url = {https://academic.oup.com/bib/article/14/2/178/208453},
	doi = {10.1093/bib/bbs017},
	number = {2},
	urldate = {2019-01-21},
	journal = {Briefings in Bioinformatics},
	author = {Thorvaldsdóttir, Helga and Robinson, James T. and Mesirov, Jill P.},
	month = mar,
	year = {2013},
	pages = {178--192},
}

% Synteny

@article{wright2016decipher,
    title = {Using DECIPHER v2.0 to Analyze Big Biological Sequence Data in R},
    author = {Erik S. Wright},
    journal = {The R Journal},
    year = {2016},
    volume = {8},
    number = {1},
    pages = {352-359},
  }


% Polyadenylation motifs in teleosts

@article{ulitsky2012polya,
	title = {Extensive alternative polyadenylation during zebrafish development},
	url = {http://genome.cshlp.org/content/early/2012/06/21/gr.139733.112},
	doi = {10.1101/gr.139733.112},
	urldate = {2018-11-30},
	journal = {Genome Research},
	author = {Ulitsky, Igor and Shkumatava, Alena and Jan, Calvin and Subtelny, Alexander O. and Koppstein, David and Bell, George and Sive, Hazel and Bartel, David},
	month = jun,
	year = {2012},
	pmid = {22722342},
	pages = {gr.139733.112}
}


%Splice-site motifs

@article{shapiro1987splice,
	title = {{RNA} splice junctions of different classes of eukaryotes: sequence statistics and functional implications in gene expression.},
	volume = {15},
	shorttitle = {{RNA} splice junctions of different classes of eukaryotes},
	url = {http://europepmc.org/abstract/MED/3658675},
	doi = {10.1093/nar/15.17.7155},
	number = {17},
	urldate = {2018-11-30},
	journal = {Nucleic acids research},
	author = {Shapiro, M. B. and Senapathy, P.},
	month = sep,
	year = {1987},
	pages = {7155--7174},
}

% Species trees

@article{cui2019annual,
	title = {Genome-wide relaxation of selection underlies the evolution of annual killifishes},
	author = {Cui, Rongfeng and Medeiros, T{\^a}nia and Willemsen, David and Iasi, Leonardo and Collier, Glenn E. and Graef, Martin and Reichard, Martin and Valenzano, Dario Riccardo},
	year = "Submitted",
}

@article{hughes2018teleostphylo,
	title = {Comprehensive phylogeny of ray-finned fishes ({Actinopterygii}) based on transcriptomic and genomic data},
	url = {http://www.pnas.org/content/early/2018/05/08/1719358115},
	doi = {10.1073/pnas.1719358115},
	urldate = {2018-07-16},
	journal = {Proceedings of the National Academy of Sciences},
	author = {Hughes, Lily C. and Ortí, Guillermo and Huang, Yu and Sun, Ying and Baldwin, Carole C. and Thompson, Andrew W. and Arcila, Dahiana and Betancur-R, Ricardo and Li, Chenhong and Becker, Leandro and Bellora, Nicolás and Zhao, Xiaomeng and Li, Xiaofeng and Wang, Min and Fang, Chao and Xie, Bing and Zhou, Zhuocheng and Huang, Hai and Chen, Songlin and Venkatesh, Byrappa and Shi, Qiong},
	month = may,
	year = {2018},
	pmid = {29760103},
	pages = {201719358},
}

% RAxML

@article{stamatakis2014raxml8,
	title = {{RAxML} version 8: a tool for phylogenetic analysis and post-analysis of large phylogenies},
	volume = {30},
	shorttitle = {{RAxML} version 8},
	url = {https://academic.oup.com/bioinformatics/article/30/9/1312/238053},
	doi = {10.1093/bioinformatics/btu033},
	number = {9},
	urldate = {2018-11-23},
	journal = {Bioinformatics},
	author = {Stamatakis, Alexandros},
	month = may,
	year = {2014},
	pages = {1312--1313},
}

@article{stamatakis2005raxml3,
	title = {{RAxML}-{III}: a fast program for maximum likelihood-based inference of large phylogenetic trees},
	volume = {21},
	shorttitle = {{RAxML}-{III}},
	url = {https://academic.oup.com/bioinformatics/article/21/4/456/203612},
	doi = {10.1093/bioinformatics/bti191},
	number = {4},
	urldate = {2018-11-27},
	journal = {Bioinformatics},
	author = {Stamatakis, A. and Ludwig, T. and Meier, H.},
	month = feb,
	year = {2005},
	pages = {456--463},
}

@article{stamatakis2006raxml6,
	title = {{RAxML}-{VI}-{HPC}: maximum likelihood-based phylogenetic analyses with thousands of taxa and mixed models},
	volume = {22},
	shorttitle = {{RAxML}-{VI}-{HPC}},
	url = {https://academic.oup.com/bioinformatics/article/22/21/2688/251208},
	doi = {10.1093/bioinformatics/btl446},
	number = {21},
	urldate = {2018-11-27},
	journal = {Bioinformatics},
	author = {Stamatakis, Alexandros},
	month = nov,
	year = {2006},
	pages = {2688--2690},
}


% FigTree

@misc{rambaut2012figtree,
  title={FigTree v1. 4},
  author={Rambaut, Andrew},
  year={2012}
}

% Immcantation

@article{vanderheiden2014presto,
	title = {{pRESTO}: a toolkit for processing high-throughput sequencing raw reads of lymphocyte receptor repertoires},
	volume = {30},
	shorttitle = {{pRESTO}},
	url = {https://academic.oup.com/bioinformatics/article/30/13/1930/2422252},
	doi = {10.1093/bioinformatics/btu138},
	number = {13},
	urldate = {2018-02-05},
	journal = {Bioinformatics},
	author = {Vander Heiden, Jason A. and Yaari, Gur and Uduman, Mohamed and Stern, Joel N. H. and O’Connor, Kevin C. and Hafler, David A. and Vigneault, Francois and Kleinstein, Steven H.},
	month = jul,
	year = {2014},
	pages = {1930--1932},
}

@article{gupta2015changeo,
	title = {Change-{O}: a toolkit for analyzing large-scale {B} cell immunoglobulin repertoire sequencing data},
	volume = {31},
	shorttitle = {Change-{O}},
	url = {https://academic.oup.com/bioinformatics/article/31/20/3356/195677},
	doi = {10.1093/bioinformatics/btv359},
	number = {20},
	urldate = {2018-02-14},
	journal = {Bioinformatics},
	author = {Gupta, Namita T. and Heiden, Vander and A, Jason and Uduman, Mohamed and Gadala-Maria, Daniel and Yaari, Gur and Kleinstein, Steven H.},
	month = oct,
	year = {2015},
	pages = {3356--3358},
}

@article{nouri2018threshold,
	title = {Optimized {Threshold} {Inference} for {Partitioning} of {Clones} {From} {High}-{Throughput} {B} {Cell} {Repertoire} {Sequencing} {Data}},
	volume = {9},
	url = {https://www.frontiersin.org/articles/10.3389/fimmu.2018.01687/full},
	doi = {10.3389/fimmu.2018.01687},
	urldate = {2018-08-14},
	journal = {Frontiers in Immunology},
	author = {Nouri, Nima and Kleinstein, Steven H.},
	year = {2018},
}

@misc{vanderheiden2018perscomm,
  author = "Vander Heiden, Jason A.",
  year = {2018},
  howpublished = "Personal communication"
}

% -----------------------------------------------------------------------
% Extra pre-processing tools
% -----------------------------------------------------------------------

@article{fu2012cdhit,
	title = {{CD}-{HIT}: accelerated for clustering the next-generation sequencing data},
	volume = {28},
	shorttitle = {{CD}-{HIT}},
	url = {https://academic.oup.com/bioinformatics/article/28/23/3150/192160},
	doi = {10.1093/bioinformatics/bts565},
	number = {23},
	urldate = {2019-01-22},
	journal = {Bioinformatics},
	author = {Fu, Limin and Niu, Beifang and Zhu, Zhengwei and Wu, Sitao and Li, Weizhong},
	month = dec,
	year = {2012},
	pages = {3150--3152},
}

@article{li2006cdhit,
	title = {Cd-hit: a fast program for clustering and comparing large sets of protein or nucleotide sequences},
	volume = {22},
	shorttitle = {Cd-hit},
	url = {https://academic.oup.com/bioinformatics/article/22/13/1658/194225},
	doi = {10.1093/bioinformatics/btl158},
	number = {13},
	urldate = {2019-01-22},
	journal = {Bioinformatics},
	author = {Li, Weizhong and Godzik, Adam},
	month = jul,
	year = {2006},
	pages = {1658--1659}
}


@article{rognes2016vsearch,
	title = {{VSEARCH}: a versatile open source tool for metagenomics},
	volume = {4},
	shorttitle = {{VSEARCH}},
	url = {https://peerj.com/articles/2584},
	doi = {10.7717/peerj.2584},
	urldate = {2019-01-22},
	journal = {PeerJ},
	author = {Rognes, Torbjørn and Flouri, Tomáš and Nichols, Ben and Quince, Christopher and Mahé, Frédéric},
	month = oct,
	year = {2016},
	pages = {e2584},
}

@article{edgar2010usearch,
	title = {Search and clustering orders of magnitude faster than {BLAST}},
	volume = {26},
	url = {https://academic.oup.com/bioinformatics/article/26/19/2460/230188},
	doi = {10.1093/bioinformatics/btq461},
	number = {19},
	urldate = {2019-01-22},
	journal = {Bioinformatics},
	author = {Edgar, Robert C.},
	month = oct,
	year = {2010},
	pages = {2460--2461},
}

@article{li2016seqtk,
  title={seqtk: A fast and lightweight tool for processing sequences (Broad Inst., Cambridge, MA)},
  author={Li, H},
  year={2016}
}

% -----------------------------------------------------------------------
% Repertoire downstream analysis
% -----------------------------------------------------------------------


@article{stern2014bcells,
	title = {B cells populating the multiple sclerosis brain mature in the draining cervical lymph nodes},
	volume = {6},
	url = {http://stm.sciencemag.org/content/6/248/248ra107},
	doi = {10.1126/scitranslmed.3008879},
	number = {248},
	urldate = {2019-03-14},
	journal = {Science Translational Medicine},
	author = {Stern, Joel N. H. and Yaari, Gur and Heiden, Jason A. Vander and Church, George and Donahue, William F. and Hintzen, Rogier Q. and Huttner, Anita J. and Laman, Jon D. and Nagra, Rashed M. and Nylander, Alyssa and Pitt, David and Ramanan, Sriram and Siddiqui, Bilal A. and Vigneault, Francois and Kleinstein, Steven H. and Hafler, David A. and O’Connor, Kevin C.},
	month = aug,
	year = {2014},
	pmid = {25100741},
	pages = {248ra107--248ra107},
}

% Rarefaction analysis

@article{gotelli2001rarefaction,
	title = {Quantifying biodiversity: procedures and pitfalls in the measurement and comparison of species richness},
	volume = {4},
	shorttitle = {Quantifying biodiversity},
	url = {https://onlinelibrary.wiley.com/doi/abs/10.1046/j.1461-0248.2001.00230.x},
	doi = {10.1046/j.1461-0248.2001.00230.x},
	number = {4},
	urldate = {2018-04-10},
	journal = {Ecology Letters},
	author = {{Gotelli, Nicholas J.} and {Colwell, Robert K.}},
	month = dec,
	year = {2001},
	pages = {379--391},
}
