% =======================================================================
% IG-SEQ REFERENCES
% =======================================================================

@article{shlemov2017igrec,
	title = {Reconstructing {Antibody} {Repertoires} from {Error}-{Prone} {Immunosequencing} {Reads}},
	copyright = {Copyright © 2017 by The American Association of Immunologists, Inc.},
	issn = {0022-1767, 1550-6606},
	url = {http://www.jimmunol.org/content/early/2017/10/04/jimmunol.1700485},
	doi = {10.4049/jimmunol.1700485},
	language = {en},
	urldate = {2017-11-23},
	journal = {The Journal of Immunology},
	author = {Shlemov, Alexander and Bankevich, Sergey and Bzikadze, Andrey and Turchaninova, Maria A. and Safonova, Yana and Pevzner, Pavel A.},
	month = oct,
	year = {2017},
	pmid = {28978691},
	keywords = {groupA, Read},
	pages = {ji1700485},
}

@article{vollmers2013consensus,
	title = {Genetic measurement of memory {B}-cell recall using antibody repertoire sequencing},
	volume = {110},
	issn = {0027-8424, 1091-6490},
	url = {http://www.pnas.org/content/110/33/13463},
	doi = {10.1073/pnas.1312146110},
	language = {en},
	number = {33},
	urldate = {2016-10-27},
	journal = {Proceedings of the National Academy of Sciences},
	author = {Vollmers, Christopher and Sit, Rene V. and Weinstein, Joshua A. and Dekker, Cornelia L. and Quake, Stephen R.},
	month = aug,
	year = {2013},
	pmid = {23898164},
	keywords = {Read},
	pages = {13463--13468},
}

@article{rosati2017methods,
	title = {Overview of methodologies for {T}-cell receptor repertoire analysis},
	volume = {17},
	issn = {1472-6750},
	url = {https://www.ncbi.nlm.nih.gov/pmc/articles/PMC5504616/},
	doi = {10.1186/s12896-017-0379-9},
	urldate = {2019-03-07},
	journal = {BMC Biotechnology},
	author = {Rosati, Elisa and Dowds, C Marie and Liaskou, Evaggelia and Henriksen, Eva Kristine Klemsdal and Karlsen, Tom H and Franke, Andre},
	month = jul,
	year = {2017},
	pmid = {28693542},
	pmcid = {PMC5504616},
}

@article{zajac2013switching,
	title = {Base {Preferences} in {Non}-{Templated} {Nucleotide} {Incorporation} by {MMLV}-{Derived} {Reverse} {Transcriptases}},
	volume = {8},
	issn = {1932-6203},
	url = {https://journals.plos.org/plosone/article?id=10.1371/journal.pone.0085270},
	doi = {10.1371/journal.pone.0085270},
	language = {en},
	number = {12},
	urldate = {2019-03-07},
	journal = {PLOS ONE},
	author = {Zajac, Pawel and Islam, Saiful and Hochgerner, Hannah and Lönnerberg, Peter and Linnarsson, Sten},
	month = dec,
	year = {2013},
	pages = {e85270},
}

@article{gupta2017hierarchical,
	title = {Hierarchical {Clustering} {Can} {Identify} {B} {Cell} {Clones} with {High} {Confidence} in {Ig} {Repertoire} {Sequencing} {Data}},
	volume = {198},
	copyright = {Copyright © 2017 by The American Association of Immunologists, Inc.},
	issn = {0022-1767, 1550-6606},
	url = {http://www.jimmunol.org/content/198/6/2489},
	doi = {10.4049/jimmunol.1601850},
	language = {en},
	number = {6},
	urldate = {2019-03-07},
	journal = {The Journal of Immunology},
	author = {Gupta, Namita T. and Adams, Kristofor D. and Briggs, Adrian W. and Timberlake, Sonia C. and Vigneault, Francois and Kleinstein, Steven H.},
	month = mar,
	year = {2017},
	pmid = {28179494},
	pages = {2489--2499},
}

@article{mora2016diversity,
	title = {Quantifying lymphocyte receptor diversity},
	url = {http://arxiv.org/abs/1604.00487},
	journal = {arXiv:1604.00487 [q-bio]},
	author = {Mora, Thierry and Walczak, Aleksandra},
	month = apr,
	year = {2016},
	note = {arXiv: 1604.00487},
	keywords = {Read},
}

@article{desponds2016fluctuating,
	title = {Fluctuating fitness shapes the clone-size distribution of immune repertoires},
	volume = {113},
	copyright = {©  . Freely available online through the PNAS open access option.},
	issn = {0027-8424, 1091-6490},
	url = {http://www.pnas.org/content/113/2/274},
	doi = {10.1073/pnas.1512977112},
	language = {en},
	number = {2},
	urldate = {2018-09-05},
	journal = {Proceedings of the National Academy of Sciences},
	author = {Desponds, Jonathan and Mora, Thierry and Walczak, Aleksandra M.},
	month = jan,
	year = {2016},
	pmid = {26711994},
	keywords = {p2},
	pages = {274--279},
}

@article{mora2010mentropy,
	title = {Maximum entropy models for antibody diversity},
	volume = {107},
	issn = {0027-8424, 1091-6490},
	url = {http://www.pnas.org/content/107/12/5405},
	doi = {10.1073/pnas.1001705107},
	language = {en},
	number = {12},
	urldate = {2018-04-12},
	journal = {Proceedings of the National Academy of Sciences},
	author = {Mora, Thierry and Walczak, Aleksandra M. and Bialek, William and Callan, Curtis G.},
	month = mar,
	year = {2010},
	pmid = {20212159},
	pages = {5405--5410},
}

@article{rosenfeld2018clonesize,
	title = {Computational {Evaluation} of {B}-{Cell} {Clone} {Sizes} in {Bulk} {Populations}},
	volume = {9},
	issn = {1664-3224},
	url = {https://www.frontiersin.org/articles/10.3389/fimmu.2018.01472/full},
	doi = {10.3389/fimmu.2018.01472},
	language = {English},
	urldate = {2018-07-24},
	journal = {Frontiers in Immunology},
	author = {Rosenfeld, Aaron M. and Meng, Wenzhao and Chen, Dora Y. and Zhang, Bochao and Granot, Tomer and Farber, Donna L. and Hershberg, Uri and Prak, Luning and T, Eline},
	year = {2018},
}